,AB,EX_CODE,PAIR,PRICE,TIMESTAMP,TRADE_SIZE
0,B,BITF,BCHUSD,717.0,1533304271479,1.78217691
1,B,BITF,BCHUSD,717.0,1533304271479,0.02042641
2,B,BITF,BCHUSD,717.0,1533304271491,2.7
3,B,BITF,BCHUSD,717.0,1533304271491,3.5
4,B,BITF,BCHUSD,717.0,1533304271491,1.99739668
5,B,GDAX,BCHUSD,715.79,1533304307347,0.3753
6,B,BITS,BCHUSD,715.87,1533304311527,0.03
7,B,BITF,BCHUSD,717.29,1533304317277,1.0
8,B,GDAX,BCHUSD,715.82,1533304328239,0.03354343
9,B,BITS,BCHUSD,716.05,1533304344201,0.02537342
10,B,GDAX,BCHUSD,715.82,1533304355303,2.0
11,B,GDAX,BCHUSD,716.39,1533304362684,0.0684
12,B,BITF,BCHUSD,717.42,1533304396709,0.13
13,B,GDAX,BCHUSD,716.55,1533304411484,0.02
14,B,GDAX,BCHUSD,716.55,1533304411498,0.0144
15,B,BITF,BCHUSD,717.42,1533304411699,0.125
16,B,BITF,BCHUSD,717.42,1533304411747,0.375
17,B,BITF,BCHUSD,717.42,1533304411786,0.125
18,B,BITF,BCHUSD,717.42,1533304411829,0.125
19,B,BITF,BCHUSD,717.42,1533304411829,0.125
20,B,BITF,BCHUSD,717.42,1533304411829,0.125
21,B,BITS,BCHUSD,715.85,1533304428702,0.01
22,B,GDAX,BCHUSD,716.87,1533304432028,0.1647
23,B,GDAX,BCHUSD,717.29,1533304481498,0.22146484
24,B,BITF,BCHUSD,717.42,1533304483075,0.071
25,B,BITF,BCHUSD,717.45,1533304504839,0.02
26,B,BITF,BCHUSD,717.45,1533304504855,0.04056179
27,B,BITF,BCHUSD,717.45,1533304504855,0.12162889
28,B,BITF,BCHUSD,717.46,1533304506746,0.02
29,B,BITF,BCHUSD,717.46,1533304506746,0.006999999999999999
30,B,BITF,BCHUSD,717.46,1533304507292,0.02
31,B,BITF,BCHUSD,719.38,1533304532400,0.29992501
32,B,BITF,BCHUSD,719.41,1533304534271,0.06175701
33,B,BITF,BCHUSD,719.44,1533304540704,0.29992501
34,B,BITF,BCHUSD,719.44,1533304541244,1.09545
35,B,BITF,BCHUSD,719.44,1533304543273,0.14400000000000002
36,B,BITF,BCHUSD,719.45,1533304544923,0.02222136
37,B,BITF,BCHUSD,719.44,1533304544923,0.23717454
38,B,BITS,BCHUSD,717.5,1533304552630,0.01891403
39,B,BITF,BCHUSD,719.46,1533304553343,0.02
40,B,BITF,BCHUSD,719.44,1533304553358,0.0912421
41,B,BITF,BCHUSD,719.46,1533304554419,0.02
42,B,BITF,BCHUSD,719.46,1533304554419,0.98
43,B,BITF,BCHUSD,719.46,1533304554478,0.43476008
44,B,BITS,BCHUSD,717.99,1533304578203,0.02297899
45,B,BITS,BCHUSD,717.99,1533304579540,0.00905229
46,B,BITS,BCHUSD,717.99,1533304581209,0.01044308
47,B,BITF,BCHUSD,719.34,1533304592113,0.43476008
48,B,BITF,BCHUSD,719.34,1533304592125,0.02
49,B,BITF,BCHUSD,719.25,1533304592125,1.3584
50,B,BITF,BCHUSD,719.1,1533304593971,1.4
51,B,BITS,BCHUSD,717.49,1533304603808,0.01621515
52,B,GDAX,BCHUSD,719.28,1533304603977,0.0163
53,B,BITF,BCHUSD,718.81,1533304605435,0.02
54,B,BITF,BCHUSD,718.8,1533304605435,0.001
55,B,BITF,BCHUSD,718.83,1533304612113,0.02
56,B,BITF,BCHUSD,718.87,1533304624549,0.02
57,B,BITF,BCHUSD,718.87,1533304624551,0.018269999999999998
58,B,BITF,BCHUSD,718.87,1533304629960,2.0
59,B,BITF,BCHUSD,718.87,1533304629960,1.0
60,B,BITF,BCHUSD,718.87,1533304629960,0.02
61,B,BITF,BCHUSD,718.87,1533304629960,0.02399914
62,B,BITF,BCHUSD,718.87,1533304630031,5.0
63,B,BITF,BCHUSD,718.87,1533304630031,1.95600086
64,B,GDAX,BCHUSD,719.5,1533304686910,0.25
65,B,BITF,BCHUSD,719.24,1533304694553,0.05476008
66,B,BITF,BCHUSD,719.5,1533304710244,0.021
67,B,BITF,BCHUSD,719.87,1533304718663,0.02230689
68,B,BITF,BCHUSD,719.87,1533304718672,0.38542646
69,B,BITF,BCHUSD,719.87,1533304718672,1.88446665
70,B,BITS,BCHUSD,718.24,1533304720013,0.01658221
71,B,GDAX,BCHUSD,719.99,1533304721789,0.9908
72,B,BITF,BCHUSD,719.97,1533304723517,1.7874
73,B,BITF,BCHUSD,719.97,1533304723919,0.5422
74,B,BITF,BCHUSD,719.98,1533304732651,0.02
75,B,BITF,BCHUSD,719.98,1533304732672,1.7254
76,B,GDAX,BCHUSD,720.38,1533304736586,0.58697756
77,B,GDAX,BCHUSD,720.38,1533304736586,0.14992244
78,B,BITF,BCHUSD,719.98,1533304736755,0.05476008
79,B,BITF,BCHUSD,719.98,1533304736755,0.02
80,B,BITF,BCHUSD,719.96,1533304736755,0.25
81,B,BITF,BCHUSD,719.96,1533304736755,0.6752
82,B,BITF,BCHUSD,719.97,1533304737722,0.02
83,B,BITF,BCHUSD,719.9,1533304738484,1.4
84,B,BITF,BCHUSD,719.81,1533304738847,0.045
85,B,BITF,BCHUSD,719.82,1533304748541,0.05476008
86,B,BITF,BCHUSD,719.77,1533304748541,0.12668083
87,B,BITF,BCHUSD,719.73,1533304748548,1.26156
88,B,BITF,BCHUSD,719.5,1533304759783,3.5
89,B,BITF,BCHUSD,719.5,1533304759783,0.5
90,B,BITF,BCHUSD,719.48,1533304759783,2.0
91,B,BITF,BCHUSD,719.2,1533304759783,0.8117800000000001
92,B,BITF,BCHUSD,719.14,1533304759783,1.74521909
93,B,BITS,BCHUSD,718.43,1533304777742,0.01438242
94,B,GDAX,BCHUSD,720.6,1533304786717,0.263944
95,B,GDAX,BCHUSD,720.6,1533304787280,0.13366199999999998
96,B,BITF,BCHUSD,719.9,1533304788921,0.2
97,B,BITF,BCHUSD,719.89,1533304788921,0.05476008
98,B,BITF,BCHUSD,719.89,1533304788921,2.313
99,B,BITF,BCHUSD,719.87,1533304788921,2.7
100,B,BITF,BCHUSD,719.86,1533304788948,2.0
101,B,BITF,BCHUSD,719.84,1533304788948,0.9
102,B,BITF,BCHUSD,719.83,1533304788948,2.0
103,B,BITF,BCHUSD,719.83,1533304788959,2.7
104,B,BITF,BCHUSD,719.81,1533304788959,0.64999992
105,B,BITF,BCHUSD,719.98,1533304803680,0.06632738
106,B,BITF,BCHUSD,719.98,1533304803734,0.13463984
107,B,BITF,BCHUSD,720.98,1533304827325,0.04763795
108,B,BITF,BCHUSD,720.97,1533304827325,0.02236205
109,B,GDAX,BCHUSD,721.69,1533304865613,0.1
110,B,GDAX,BCHUSD,721.69,1533304880498,1.86999603
111,B,GDAX,BCHUSD,721.69,1533304884958,1.706
112,B,GDAX,BCHUSD,721.69,1533304892746,0.976
113,B,GDAX,BCHUSD,721.69,1533304893456,2.294
114,B,GDAX,BCHUSD,721.69,1533304893459,1.436
115,B,BITF,BCHUSD,720.99,1533304894625,0.023
116,B,GDAX,BCHUSD,721.69,1533304896596,0.757
117,B,GDAX,BCHUSD,721.69,1533304896601,2.66100397
118,B,GDAX,BCHUSD,721.69,1533304896601,1.02099603
119,B,GDAX,BCHUSD,721.69,1533304896606,0.47900397
120,B,GDAX,BCHUSD,721.69,1533304896608,0.16
121,B,GDAX,BCHUSD,721.69,1533304896609,1.14599603
122,B,GDAX,BCHUSD,721.69,1533304897635,0.11972830000000001
123,B,GDAX,BCHUSD,721.69,1533304897658,0.05570398
124,B,GDAX,BCHUSD,721.69,1533304898078,0.0183407
125,B,GDAX,BCHUSD,721.69,1533304899025,0.18966605
126,B,GDAX,BCHUSD,721.69,1533304899131,0.08200348
127,B,BITS,BCHUSD,720.3,1533304899428,0.01414235
128,B,GDAX,BCHUSD,721.69,1533304900108,0.12616358
129,B,GDAX,BCHUSD,721.69,1533304900578,2.812
130,B,BITF,BCHUSD,720.99,1533304900638,0.00075915
131,B,BITF,BCHUSD,720.99,1533304900638,0.11041218
132,B,GDAX,BCHUSD,721.69,1533304901061,0.05304921
133,B,GDAX,BCHUSD,721.69,1533304901462,1.26542326
134,B,GDAX,BCHUSD,721.69,1533304901549,0.08407214
135,B,BITF,BCHUSD,720.83,1533304903895,0.10550129
136,B,GDAX,BCHUSD,721.69,1533304910527,1.3939685
137,B,BITS,BCHUSD,720.32,1533304911514,0.2907
138,B,BITS,BCHUSD,720.3,1533304911593,0.0193
139,B,GDAX,BCHUSD,721.69,1533304911928,0.14615185
140,B,GDAX,BCHUSD,721.69,1533304915640,0.387
141,B,GDAX,BCHUSD,721.69,1533304915644,2.214
142,B,GDAX,BCHUSD,721.69,1533304916371,2.215
143,B,BITF,BCHUSD,720.83,1533304916381,0.11116515
144,B,GDAX,BCHUSD,721.69,1533304916406,1.5230000000000001
145,B,GDAX,BCHUSD,721.69,1533304918393,0.03810449
146,B,GDAX,BCHUSD,721.69,1533304925151,2.05272664
147,B,GDAX,BCHUSD,721.69,1533304939249,0.10412943
148,B,BITF,BCHUSD,720.79,1533304940663,0.1
149,B,BITS,BCHUSD,720.34,1533304949797,0.01716511
150,B,GDAX,BCHUSD,721.69,1533304967841,9.98780508
151,B,GDAX,BCHUSD,721.69,1533304967841,0.69281824
152,B,GDAX,BCHUSD,721.69,1533304967841,1.0
153,B,GDAX,BCHUSD,721.48,1533304967841,0.018574
154,B,GDAX,BCHUSD,721.0,1533304967841,1.11480268
155,B,BITF,BCHUSD,720.9,1533304968067,2.77297
156,B,BITF,BCHUSD,720.9,1533304970428,0.11113736
157,B,BITF,BCHUSD,720.9,1533304974303,0.11115125
158,B,BITF,BCHUSD,720.9,1533304980459,5.0
159,B,BITF,BCHUSD,720.9,1533304980617,0.096
160,B,BITF,BCHUSD,720.9,1533304980936,3.16
161,B,BITF,BCHUSD,720.9,1533304984023,0.00077139
162,B,BITF,BCHUSD,720.9,1533304984023,0.02322861
163,B,BITF,BCHUSD,720.9,1533304985128,6.933e-05
164,B,BITF,BCHUSD,720.9,1533304985128,0.02329794
165,B,BITF,BCHUSD,720.9,1533304989052,0.023
166,B,BITF,BCHUSD,720.9,1533304998574,0.00029794
167,B,BITF,BCHUSD,720.5,1533304998574,0.09970206
168,B,BITF,BCHUSD,720.5,1533304999157,0.25
169,B,BITF,BCHUSD,720.51,1533305005089,0.02
170,B,BITF,BCHUSD,720.5,1533305005089,0.08
171,B,BITS,BCHUSD,720.36,1533305015164,0.0671
172,B,BITF,BCHUSD,721.49,1533305055441,0.02
173,B,BITF,BCHUSD,721.49,1533305055441,2.0
174,B,BITF,BCHUSD,721.49,1533305055441,3.5
175,B,BITF,BCHUSD,721.49,1533305055441,0.5
176,B,BITF,BCHUSD,721.48,1533305055441,2.0
177,B,BITF,BCHUSD,721.48,1533305055441,2.68610433
178,B,GDAX,BCHUSD,721.95,1533305066756,0.01485694
179,B,BITS,BCHUSD,720.82,1533305070145,0.01087916
180,B,GDAX,BCHUSD,721.95,1533305072994,0.013850799999999998
181,B,GDAX,BCHUSD,721.95,1533305183345,0.01385118
182,B,GDAX,BCHUSD,721.95,1533305183345,0.03317342
183,B,GDAX,BCHUSD,721.95,1533305183345,1.08349816
184,B,BITF,BCHUSD,721.32,1533305200612,0.022599
185,B,BITF,BCHUSD,721.31,1533305200634,0.0127484
186,B,BITF,BCHUSD,721.31,1533305201011,0.09465645
187,B,BITF,BCHUSD,721.31,1533305201576,0.09949684
188,B,BITF,BCHUSD,721.31,1533305201576,0.19556563
189,B,BITF,BCHUSD,721.3,1533305207714,2.5928
190,B,GDAX,BCHUSD,721.95,1533305207841,0.07507695
191,B,BITF,BCHUSD,721.32,1533305212036,0.022599
192,B,BITF,BCHUSD,721.3,1533305212036,2.250801
193,B,BITF,BCHUSD,721.3,1533305217835,2.0733
194,B,BITF,BCHUSD,721.34,1533305228058,0.06899
195,B,BITF,BCHUSD,721.34,1533305229807,0.081
196,B,GDAX,BCHUSD,721.95,1533305231637,0.84789903
197,B,BITF,BCHUSD,721.34,1533305236128,0.15
198,B,BITF,BCHUSD,721.34,1533305282635,1.10001
199,B,BITF,BCHUSD,721.3,1533305282635,0.89999
200,B,BITF,BCHUSD,721.3,1533305286448,2.0
201,B,BITF,BCHUSD,721.3,1533305310483,25.26901
202,B,BITF,BCHUSD,721.3,1533305310483,1.8
203,B,BITF,BCHUSD,721.17,1533305310483,2.81379336
204,B,BITF,BCHUSD,721.52,1533305342072,0.098
205,B,BITF,BCHUSD,721.52,1533305344576,0.547786
206,B,BITF,BCHUSD,721.52,1533305408347,0.12488061
207,B,BITF,BCHUSD,721.52,1533305408642,0.09446474
208,B,BITF,BCHUSD,721.52,1533305408744,0.1840729
209,B,GDAX,BCHUSD,721.95,1533305411886,0.15210097
210,B,GDAX,BCHUSD,721.95,1533305411888,0.70209903
211,B,BITF,BCHUSD,721.52,1533305418269,4.95079575
212,B,BITF,BCHUSD,721.52,1533305418269,3.3445
213,B,BITF,BCHUSD,721.52,1533305418269,1.20470425
214,B,BITS,BCHUSD,721.54,1533305431471,0.01440591
215,B,GDAX,BCHUSD,723.21,1533305446192,2.25190445
216,B,GDAX,BCHUSD,723.21,1533305446202,0.73323865
217,B,GDAX,BCHUSD,723.21,1533305446203,0.25215871
218,B,GDAX,BCHUSD,723.21,1533305471744,0.02
219,B,GDAX,BCHUSD,723.21,1533305471844,0.02
220,B,BITF,BCHUSD,721.99,1533305490204,1.7
221,B,BITF,BCHUSD,721.99,1533305490204,3.3
222,B,GDAX,BCHUSD,723.21,1533305520766,0.01
223,B,GDAX,BCHUSD,723.21,1533305520768,0.00353541
224,B,BITS,BCHUSD,722.28,1533305618490,0.01606859
225,B,BITF,BCHUSD,722.43,1533305648505,0.9217559999999999
226,B,BITS,BCHUSD,723.02,1533305690442,0.01060218
227,B,BITF,BCHUSD,722.61,1533305701085,0.17351727
228,B,BITF,BCHUSD,722.61,1533305701461,0.13668076
229,B,BITF,BCHUSD,722.61,1533305701461,0.2724452
230,B,BITF,BCHUSD,723.43,1533305721746,0.02
231,B,BITF,BCHUSD,723.43,1533305722197,0.02
232,B,BITF,BCHUSD,723.43,1533305722651,0.02
233,B,BITF,BCHUSD,723.39,1533305731808,0.44733849
234,B,BITF,BCHUSD,723.39,1533305731808,0.02906259
235,B,BITF,BCHUSD,723.39,1533305731808,0.52359892
236,B,GDAX,BCHUSD,724.32,1533305775686,0.81013792
237,B,GDAX,BCHUSD,724.15,1533305792737,0.0255
238,B,GDAX,BCHUSD,724.31,1533305816789,0.2409
239,B,BITF,BCHUSD,723.58,1533305824458,0.02214702
240,B,BITF,BCHUSD,723.58,1533305824458,0.00135297
241,B,BITF,BCHUSD,723.59,1533305833543,0.02214702
242,B,BITF,BCHUSD,723.58,1533305836905,0.02214702
243,B,BITF,BCHUSD,723.58,1533305839261,0.02214702
244,B,BITF,BCHUSD,723.58,1533305842400,0.05279993
245,B,BITF,BCHUSD,723.58,1533305844974,2.0
246,B,BITF,BCHUSD,723.58,1533305846362,0.1
247,B,BITF,BCHUSD,723.58,1533305847380,0.09709398
248,B,BITF,BCHUSD,723.58,1533305849674,0.057
249,B,BITF,BCHUSD,723.58,1533305855867,0.1
250,B,BITF,BCHUSD,723.58,1533305857010,0.09709398
251,B,GDAX,BCHUSD,724.31,1533305860346,0.7591
252,B,GDAX,BCHUSD,724.31,1533305860347,0.80922228
253,B,GDAX,BCHUSD,725.25,1533305932528,0.04761433
254,B,GDAX,BCHUSD,725.25,1533305932529,0.1
255,B,GDAX,BCHUSD,724.93,1533305932529,0.07238567
256,B,BITS,BCHUSD,723.46,1533305962771,0.01256997
257,B,GDAX,BCHUSD,725.18,1533305966603,0.04601308
258,B,BITF,BCHUSD,723.99,1533305967981,1.92063433
259,B,BITF,BCHUSD,723.99,1533305967992,1.3
260,B,BITF,BCHUSD,723.99,1533305967992,3.677
261,B,BITF,BCHUSD,723.99,1533305967992,0.02370408
262,B,BITF,BCHUSD,723.99,1533305967992,2.0
263,B,BITF,BCHUSD,723.99,1533305968022,2.0
264,B,BITF,BCHUSD,723.9,1533305968022,29.07866159
265,B,GDAX,BCHUSD,725.18,1533305968037,0.95398692
266,B,GDAX,BCHUSD,725.18,1533305968039,0.96664741
267,B,GDAX,BCHUSD,725.18,1533305981165,0.2
268,B,GDAX,BCHUSD,725.38,1533305990248,0.02
269,B,GDAX,BCHUSD,725.38,1533305990284,0.02
270,B,GDAX,BCHUSD,725.18,1533305993572,0.39211323
271,B,BITF,BCHUSD,723.99,1533306002799,0.02370408
272,B,BITF,BCHUSD,723.99,1533306002799,0.15434193
273,B,BITF,BCHUSD,723.99,1533306003223,0.14503685
274,B,BITF,BCHUSD,723.99,1533306003231,0.2876138
275,B,GDAX,BCHUSD,725.18,1533306013164,0.3319
276,B,GDAX,BCHUSD,725.18,1533306014349,1.0
277,B,GDAX,BCHUSD,725.18,1533306014349,1.0
278,B,GDAX,BCHUSD,725.18,1533306016682,0.10933936
279,B,GDAX,BCHUSD,725.18,1533306016683,2.0
280,B,GDAX,BCHUSD,725.18,1533306016714,1.92158824
281,B,GDAX,BCHUSD,725.18,1533306016714,0.9990724
282,B,BITF,BCHUSD,723.9,1533306017595,0.02
283,B,GDAX,BCHUSD,725.18,1533306024284,0.0009276
284,B,GDAX,BCHUSD,725.0,1533306024715,0.18317239999999999
285,B,GDAX,BCHUSD,725.0,1533306037835,9.8168276
286,B,GDAX,BCHUSD,725.0,1533306037836,0.6871724
287,B,BITF,BCHUSD,723.9,1533306046193,10.0
288,B,BITF,BCHUSD,723.9,1533306046490,0.125
289,B,BITF,BCHUSD,723.9,1533306046508,0.875
290,B,BITF,BCHUSD,723.9,1533306065312,0.4417
291,B,GDAX,BCHUSD,724.31,1533306070636,0.01380624
292,B,GDAX,BCHUSD,724.31,1533306070636,2.58039353
293,B,BITF,BCHUSD,723.9,1533306077327,0.33203747
294,B,GDAX,BCHUSD,724.31,1533306087979,7.41960647
295,B,GDAX,BCHUSD,723.75,1533306087981,5.7872592
296,B,GDAX,BCHUSD,723.23,1533306089983,3.0
297,B,GDAX,BCHUSD,723.23,1533306089983,0.44038259
298,B,BITF,BCHUSD,723.9,1533306090643,9.267999999999999
299,B,BITF,BCHUSD,723.9,1533306096401,0.3320926
300,B,BITF,BCHUSD,723.9,1533306100326,0.11069754
301,B,BITF,BCHUSD,723.9,1533306101291,5.0
302,B,BITF,BCHUSD,723.9,1533306103372,0.046
303,B,BITF,BCHUSD,723.9,1533306104511,1.2559
304,B,GDAX,BCHUSD,723.23,1533306108373,0.0331
305,B,BITF,BCHUSD,723.9,1533306109858,0.040999999999999995
306,B,BITF,BCHUSD,723.9,1533306113468,10.0
307,B,BITF,BCHUSD,723.9,1533306113638,0.2
308,B,GDAX,BCHUSD,723.6,1533306116019,0.012342
309,B,BITF,BCHUSD,723.9,1533306116110,0.061
310,B,BITF,BCHUSD,723.9,1533306116728,1.0213
311,B,GDAX,BCHUSD,723.59,1533306116950,0.012372
312,B,BITF,BCHUSD,723.9,1533306123839,0.6073
313,B,BITF,BCHUSD,723.9,1533306127440,0.11068222
314,B,BITF,BCHUSD,723.9,1533306131357,0.11068222
315,B,BITF,BCHUSD,723.9,1533306137018,0.11068529
316,B,GDAX,BCHUSD,723.23,1533306139276,0.28418892
317,B,BITF,BCHUSD,723.9,1533306160704,10.4455
318,B,BITF,BCHUSD,723.9,1533306161936,0.2578
319,B,BITF,BCHUSD,723.9,1533306161939,0.5155
320,B,BITF,BCHUSD,723.9,1533306162950,0.09264
321,B,BITF,BCHUSD,723.9,1533306164702,11.3144
322,B,BITF,BCHUSD,723.9,1533306164803,2.12848617
323,B,BITF,BCHUSD,723.9,1533306164883,0.02322383
324,B,BITF,BCHUSD,723.9,1533306164883,6.17e-06
325,B,BITF,BCHUSD,723.53,1533306165399,0.02121662
326,B,BITF,BCHUSD,723.52,1533306165476,0.03378338
327,B,GDAX,BCHUSD,723.23,1533306177437,0.01382686
328,B,BITS,BCHUSD,723.0,1533306187214,0.60634786
329,B,BITS,BCHUSD,723.0,1533306187686,1.4040000000000001
330,B,GDAX,BCHUSD,723.22,1533306191057,0.25
331,B,GDAX,BCHUSD,723.22,1533306191057,0.05
332,B,GDAX,BCHUSD,723.22,1533306191057,0.03323167
333,B,GDAX,BCHUSD,722.88,1533306191057,0.65456548
334,B,BITS,BCHUSD,723.0,1533306219944,1.489
335,B,BITF,BCHUSD,722.28,1533306244372,0.39999999
336,B,BITF,BCHUSD,722.12,1533306289557,0.0227654
337,B,BITF,BCHUSD,722.11,1533306289557,0.0002346
338,B,BITS,BCHUSD,723.01,1533306296627,2.0
339,B,BITF,BCHUSD,722.2,1533306303980,0.17511674
340,B,BITF,BCHUSD,722.2,1533306304408,0.19848522
341,B,BITF,BCHUSD,722.2,1533306304440,0.10125784
342,B,BITF,BCHUSD,722.2,1533306305054,4.0
343,B,BITF,BCHUSD,722.16,1533306309619,1.28116492
344,B,GDAX,BCHUSD,722.88,1533306324615,0.3324
345,B,BITF,BCHUSD,722.11,1533306339583,0.0997654
346,B,BITF,BCHUSD,722.11,1533306339629,0.00301402
347,B,GDAX,BCHUSD,722.88,1533306348616,0.01303452
348,B,GDAX,BCHUSD,722.88,1533306348616,0.01383336
349,B,GDAX,BCHUSD,722.88,1533306348616,0.67879634
350,B,GDAX,BCHUSD,722.88,1533306374876,0.32120366
351,B,GDAX,BCHUSD,722.88,1533306374876,0.53999634
352,B,GDAX,BCHUSD,722.88,1533306379607,0.2780614
353,B,BITF,BCHUSD,722.11,1533306382824,0.053
354,B,GDAX,BCHUSD,722.88,1533306405085,0.06950145
355,B,BITF,BCHUSD,722.99,1533306460515,0.2
356,B,BITS,BCHUSD,723.02,1533306463096,0.74246237
357,B,GDAX,BCHUSD,723.29,1533306484000,0.10426869999999999
358,B,BITF,BCHUSD,723.49,1533306489680,0.02273775
359,B,BITF,BCHUSD,723.48,1533306489695,0.01726225
360,B,GDAX,BCHUSD,723.29,1533306534124,0.1265
361,B,BITF,BCHUSD,723.72,1533306550581,0.052000000000000005
362,B,GDAX,BCHUSD,724.14,1533306559374,0.0454
363,B,BITF,BCHUSD,724.0,1533306564719,0.46846400000000005
364,B,BITF,BCHUSD,723.94,1533306564719,0.1
365,B,BITF,BCHUSD,723.78,1533306565529,1.2501
366,B,BITF,BCHUSD,723.78,1533306565708,8e-05
367,B,BITF,BCHUSD,723.78,1533306565708,0.73252
368,B,GDAX,BCHUSD,724.14,1533306580674,0.05
369,B,GDAX,BCHUSD,724.14,1533306580674,0.06172497
370,B,GDAX,BCHUSD,724.14,1533306582112,0.7744
371,B,GDAX,BCHUSD,724.14,1533306584231,0.01594683
372,B,BITF,BCHUSD,723.85,1533306604402,0.16248114
373,B,BITF,BCHUSD,723.85,1533306604740,0.28491848
374,B,BITF,BCHUSD,723.84,1533306604740,0.00550709
375,B,BITF,BCHUSD,723.83,1533306605298,0.14747213
376,B,BITS,BCHUSD,724.02,1533306617427,0.01648254
377,B,GDAX,BCHUSD,724.15,1533306639292,0.0454
378,B,BITF,BCHUSD,724.51,1533306646628,0.083
379,B,BITF,BCHUSD,724.51,1533306646642,0.024
380,B,GDAX,BCHUSD,724.9,1533306663800,0.05
381,B,BITF,BCHUSD,725.02,1533306679396,0.11050182
382,B,BITS,BCHUSD,724.22,1533306679908,0.025
383,B,BITF,BCHUSD,725.02,1533306680139,1.21
384,B,BITF,BCHUSD,725.0,1533306689134,0.11463
385,B,BITS,BCHUSD,724.56,1533306698818,0.01291452
386,B,GDAX,BCHUSD,725.2,1533306701462,1.348
387,B,GDAX,BCHUSD,725.21,1533306718938,0.0137893
388,B,GDAX,BCHUSD,725.2,1533306718938,0.2564107
389,B,BITF,BCHUSD,725.01,1533306728324,0.02761037
390,B,BITF,BCHUSD,725.0,1533306728324,7.50018963
391,B,GDAX,BCHUSD,725.2,1533306730149,0.0677
392,B,BITF,BCHUSD,725.01,1533306734189,0.027000000000000003
393,B,BITF,BCHUSD,725.01,1533306738714,0.00061037
394,B,BITF,BCHUSD,725.0,1533306738714,0.60568963
395,B,BITF,BCHUSD,725.0,1533306739818,1.0198
396,B,BITF,BCHUSD,725.0,1533306744988,0.7
397,B,BITF,BCHUSD,725.0,1533306748617,0.0276
398,B,BITS,BCHUSD,724.6,1533306751178,0.01475974
399,B,BITF,BCHUSD,725.0,1533306767374,0.125
400,B,BITF,BCHUSD,725.0,1533306767374,0.25
401,B,BITF,BCHUSD,725.0,1533306767375,0.125
402,B,BITF,BCHUSD,725.0,1533306767375,0.125
403,B,BITF,BCHUSD,725.0,1533306767777,0.125
404,B,BITF,BCHUSD,725.0,1533306767777,0.125
405,B,BITF,BCHUSD,725.0,1533306767806,0.125
406,B,GDAX,BCHUSD,725.2,1533306767828,0.02
407,B,GDAX,BCHUSD,725.2,1533306768112,0.02
408,B,BITF,BCHUSD,725.0,1533306775398,9.972999999999999
409,B,BITF,BCHUSD,725.0,1533306775663,3.8455
410,B,BITF,BCHUSD,725.0,1533306783802,0.1929
411,B,BITF,BCHUSD,725.0,1533306784264,5.0
412,B,BITS,BCHUSD,724.67,1533306796590,0.01363671
413,B,BITF,BCHUSD,725.0,1533306812781,0.048
414,B,BITF,BCHUSD,725.0,1533306828914,0.020130000000000002
415,B,BITF,BCHUSD,725.0,1533306842225,50.0
416,B,BITS,BCHUSD,724.67,1533306854643,0.01480967
417,B,GDAX,BCHUSD,725.2,1533306871330,0.0451818
418,B,GDAX,BCHUSD,725.2,1533306871335,0.01378588
419,B,GDAX,BCHUSD,725.2,1533306871335,0.37153232
420,B,BITF,BCHUSD,725.0,1533306874866,0.031
421,B,BITF,BCHUSD,725.0,1533306877429,0.6047
422,B,BITF,BCHUSD,725.0,1533306880240,0.02
423,B,BITF,BCHUSD,725.0,1533306887730,0.2575
424,B,BITF,BCHUSD,725.06,1533306904014,0.32473202
425,B,BITF,BCHUSD,725.06,1533306904461,0.08905822
426,B,BITF,BCHUSD,725.06,1533306904495,0.07403386
427,B,BITF,BCHUSD,725.06,1533306904866,0.20489776
428,B,BITF,BCHUSD,725.16,1533306970833,0.084
429,B,GDAX,BCHUSD,725.2,1533307084134,0.19346768
430,B,GDAX,BCHUSD,725.2,1533307084134,0.18329755
431,B,GDAX,BCHUSD,725.2,1533307107571,1.01698509
432,B,BITF,BCHUSD,725.65,1533307126517,0.125
433,B,BITF,BCHUSD,725.65,1533307126603,0.75
434,B,GDAX,BCHUSD,725.2,1533307126720,0.02
435,B,BITF,BCHUSD,725.65,1533307126731,0.125
436,B,GDAX,BCHUSD,725.2,1533307126747,0.02
437,B,BITF,BCHUSD,725.65,1533307131033,0.08573183
438,B,BITF,BCHUSD,725.65,1533307132054,10.0
439,B,BITF,BCHUSD,725.65,1533307136600,1.37761825
440,B,BITF,BCHUSD,725.65,1533307137748,1.51994382
441,B,BITF,BCHUSD,725.65,1533307139271,0.78639442
442,B,BITF,BCHUSD,725.65,1533307140402,0.64013493
443,B,BITF,BCHUSD,725.65,1533307143689,0.27566778
444,B,GDAX,BCHUSD,725.2,1533307145818,2.4796
445,B,BITF,BCHUSD,725.65,1533307149379,2.0
446,B,BITF,BCHUSD,725.65,1533307157417,0.08574644
447,B,BITF,BCHUSD,725.65,1533307158648,0.48417
448,B,BITF,BCHUSD,725.65,1533307160583,0.08574447
449,B,BITF,BCHUSD,725.65,1533307168943,0.17503868
450,B,BITF,BCHUSD,725.65,1533307184688,9.98
451,B,BITF,BCHUSD,725.65,1533307189918,5.0
452,B,BITF,BCHUSD,725.65,1533307208671,2.0
453,B,BITF,BCHUSD,725.65,1533307209079,0.21632858
454,B,BITF,BCHUSD,725.65,1533307209432,0.36112513
455,B,BITF,BCHUSD,725.65,1533307209558,0.18105398
456,B,BITF,BCHUSD,725.65,1533307210707,0.25718797
457,B,BITF,BCHUSD,725.65,1533307215391,0.25725141
458,B,GDAX,BCHUSD,725.23,1533307246338,0.04472974
459,B,BITF,BCHUSD,725.65,1533307258290,1.87917488
460,B,BITF,BCHUSD,725.65,1533307258290,0.02955816
461,B,BITF,BCHUSD,725.63,1533307258290,1.916
462,B,BITF,BCHUSD,725.17,1533307269819,0.02
463,B,BITF,BCHUSD,725.16,1533307269819,0.1
464,B,BITF,BCHUSD,725.0,1533307269819,0.69
465,B,BITF,BCHUSD,724.56,1533307269819,0.19
466,B,BITF,BCHUSD,725.17,1533307273688,0.02
467,B,BITF,BCHUSD,725.17,1533307273688,3.5
468,B,BITF,BCHUSD,724.71,1533307273688,0.2
469,B,BITF,BCHUSD,724.7,1533307273688,1.28
470,B,BITF,BCHUSD,725.17,1533307274893,0.02
471,B,BITF,BCHUSD,724.7,1533307274894,0.98
472,B,GDAX,BCHUSD,725.23,1533307316640,0.02562348
473,B,GDAX,BCHUSD,725.23,1533307321158,0.01630812
474,B,GDAX,BCHUSD,725.23,1533307329087,0.0256
475,B,BITF,BCHUSD,725.49,1533307365322,0.2
476,B,BITF,BCHUSD,725.65,1533307374190,0.2
477,B,BITF,BCHUSD,725.65,1533307378198,0.5
478,B,BITF,BCHUSD,725.76,1533307384106,0.22098254
479,B,BITF,BCHUSD,725.76,1533307402206,0.028999999999999998
480,B,BITF,BCHUSD,725.7,1533307403194,0.084
481,B,BITS,BCHUSD,724.56,1533307405123,0.01399071
482,B,BITF,BCHUSD,725.7,1533307415572,0.00078935
483,B,BITF,BCHUSD,725.45,1533307415572,0.9162600000000001
484,B,BITF,BCHUSD,725.43,1533307415601,0.02
485,B,BITF,BCHUSD,725.06,1533307415601,0.52003193
486,B,BITF,BCHUSD,725.06,1533307415601,3.54291872
487,B,BITF,BCHUSD,725.42,1533307416173,0.02
488,B,BITF,BCHUSD,725.82,1533307447519,1.541898
489,B,BITF,BCHUSD,725.8,1533307462115,0.89958603
490,B,BITF,BCHUSD,725.8,1533307463477,4.10041397
491,B,BITF,BCHUSD,725.25,1533307472127,0.758
492,B,BITF,BCHUSD,725.25,1533307472479,0.00066
493,B,BITF,BCHUSD,725.05,1533307472967,0.11599999999999999
494,B,BITF,BCHUSD,724.87,1533307475129,6.0
495,B,BITF,BCHUSD,724.86,1533307475483,0.02
496,B,BITF,BCHUSD,724.86,1533307475887,0.02
497,B,BITF,BCHUSD,724.71,1533307475887,2.9530000000000003
498,B,BITF,BCHUSD,724.28,1533307479568,0.02
499,B,BITF,BCHUSD,724.27,1533307479568,1.09199695
500,B,GDAX,BCHUSD,725.26,1533307486105,0.02
501,B,GDAX,BCHUSD,725.26,1533307486175,0.02
502,B,GDAX,BCHUSD,725.26,1533307486198,0.01
503,B,GDAX,BCHUSD,725.26,1533307486198,0.1429
504,B,GDAX,BCHUSD,725.26,1533307494698,0.0464
505,B,BITF,BCHUSD,724.6,1533307505943,0.20826783
506,B,BITF,BCHUSD,724.6,1533307506279,0.33640265
507,B,BITF,BCHUSD,724.6,1533307506303,0.16855224
508,B,GDAX,BCHUSD,725.26,1533307535677,0.3131684
509,B,GDAX,BCHUSD,725.26,1533307535677,0.05
510,B,GDAX,BCHUSD,725.26,1533307535677,1.5
511,B,GDAX,BCHUSD,725.24,1533307535677,0.12413284
512,B,GDAX,BCHUSD,725.23,1533307535677,0.01378854
513,B,GDAX,BCHUSD,725.23,1533307535677,3.02246383
514,B,GDAX,BCHUSD,725.2,1533307535677,0.68333008
515,B,GDAX,BCHUSD,725.26,1533307563575,0.05
516,B,GDAX,BCHUSD,725.26,1533307563578,3.0
517,B,GDAX,BCHUSD,725.26,1533307563578,1.5
518,B,BITF,BCHUSD,725.0,1533307627355,2.0
519,B,GDAX,BCHUSD,725.84,1533307629160,0.5
520,B,BITF,BCHUSD,725.26,1533307666843,1.4
521,B,BITF,BCHUSD,725.26,1533307667756,0.46116999999999997
522,B,BITF,BCHUSD,725.26,1533307667793,0.03948906
523,B,BITF,BCHUSD,725.26,1533307667867,0.03948906
524,B,BITF,BCHUSD,725.25,1533307667917,0.83774917
525,B,BITF,BCHUSD,724.96,1533307688455,0.75
526,B,GDAX,BCHUSD,725.85,1533307719071,0.05
527,B,GDAX,BCHUSD,725.85,1533307719071,0.0158
528,B,BITF,BCHUSD,725.0,1533307744795,1.657129
529,B,GDAX,BCHUSD,725.85,1533307754103,0.0050420000000000005
530,B,GDAX,BCHUSD,725.85,1533307754104,0.018058
531,B,GDAX,BCHUSD,725.85,1533307760531,0.03321061
532,B,GDAX,BCHUSD,725.84,1533307760531,0.013877700000000001
533,B,GDAX,BCHUSD,725.83,1533307760531,0.013770500000000001
534,B,GDAX,BCHUSD,725.5,1533307760531,0.05
535,B,GDAX,BCHUSD,725.2,1533307760531,0.10137619
536,B,BITF,BCHUSD,724.98,1533307773229,0.03869928
537,B,BITF,BCHUSD,724.97,1533307773229,10.87450973
538,B,BITF,BCHUSD,724.97,1533307773335,0.2
539,B,BITF,BCHUSD,724.97,1533307773610,10.0
540,B,BITF,BCHUSD,724.97,1533307775779,16.6554
541,B,GDAX,BCHUSD,725.2,1533307783754,0.20199999999999999
542,B,GDAX,BCHUSD,725.2,1533307784023,0.37565824
543,B,BITF,BCHUSD,724.97,1533307786750,9.027e-05
544,B,BITF,BCHUSD,724.63,1533307786750,0.6956
545,B,BITF,BCHUSD,724.61,1533307786762,0.62089208
546,B,BITF,BCHUSD,724.61,1533307789109,0.38010792
547,B,GDAX,BCHUSD,725.2,1533307791085,0.018000000000000002
548,B,GDAX,BCHUSD,725.2,1533307794311,3.0
549,B,GDAX,BCHUSD,725.2,1533307813728,0.03887533
550,B,BITF,BCHUSD,724.2,1533307815681,0.24054163
551,B,BITF,BCHUSD,724.2,1533307815883,0.20688275
552,B,BITF,BCHUSD,724.2,1533307815883,0.18665173
553,B,BITF,BCHUSD,724.2,1533307816041,0.19703647
554,B,BITF,BCHUSD,724.2,1533307821155,0.5
555,B,BITF,BCHUSD,724.2,1533307836574,1.0
556,B,BITF,BCHUSD,724.2,1533307837818,0.4
557,B,BITF,BCHUSD,724.2,1533307837818,0.6
558,B,BITF,BCHUSD,725.07,1533307842630,0.4901
559,B,BITF,BCHUSD,725.07,1533307866568,0.67215083
560,B,BITF,BCHUSD,724.97,1533307866568,4.32784917
561,B,BITF,BCHUSD,724.97,1533307868210,0.5
562,B,GDAX,BCHUSD,725.2,1533307876484,2.98637887
563,B,BITF,BCHUSD,725.06,1533307888473,0.5
564,B,GDAX,BCHUSD,725.2,1533307892501,0.8759999999999999
565,B,BITF,BCHUSD,725.07,1533307901497,0.03831229
566,B,BITF,BCHUSD,724.97,1533307901497,4.96168771
567,B,GDAX,BCHUSD,725.2,1533307941961,0.02767833
568,B,BITF,BCHUSD,725.01,1533307952699,0.023
569,B,GDAX,BCHUSD,725.2,1533307955118,0.1466511
570,B,BITF,BCHUSD,725.02,1533307960731,0.077
571,B,BITF,BCHUSD,725.02,1533307960735,0.5
572,B,BITF,BCHUSD,725.0,1533307960735,1.93182742
573,B,BITF,BCHUSD,725.02,1533307982809,0.027999999999999997
574,B,BITF,BCHUSD,725.02,1533307991304,0.02
575,B,BITF,BCHUSD,725.02,1533307997302,0.02
576,B,BITF,BCHUSD,725.02,1533308011767,0.037000000000000005
577,B,BITF,BCHUSD,725.01,1533308035929,0.025
578,B,BITF,BCHUSD,725.01,1533308049113,0.057
579,B,BITF,BCHUSD,725.02,1533308059257,0.03792917
580,B,BITF,BCHUSD,725.01,1533308059258,0.12733023
581,B,BITF,BCHUSD,725.01,1533308059385,0.1652594
582,B,BITF,BCHUSD,725.01,1533308059548,0.08327144
583,B,GDAX,BCHUSD,726.27,1533308076809,0.10279165
584,B,BITF,BCHUSD,725.04,1533308085709,2.0
585,B,GDAX,BCHUSD,726.43,1533308086278,0.0748
586,B,GDAX,BCHUSD,726.43,1533308093727,2.9252
587,B,GDAX,BCHUSD,726.27,1533308094198,0.1972
588,B,BITF,BCHUSD,725.02,1533308097429,0.03792917
589,B,BITF,BCHUSD,725.01,1533308097429,7.97207083
590,B,BITF,BCHUSD,725.01,1533308097548,6.809999999999999e-05
591,B,BITF,BCHUSD,724.97,1533308097548,39.61400312
592,B,BITF,BCHUSD,724.73,1533308097548,0.68982878
593,B,GDAX,BCHUSD,726.27,1533308098198,8.35e-06
594,B,BITS,BCHUSD,725.65,1533308139077,9.70644394
595,B,BITF,BCHUSD,724.41,1533308147100,0.07
596,B,BITF,BCHUSD,724.41,1533308147536,0.20357755
597,B,BITF,BCHUSD,724.41,1533308148037,0.32997738
598,B,BITF,BCHUSD,724.41,1533308148374,0.1654332
599,B,BITF,BCHUSD,724.53,1533308167091,1.680248
600,B,GDAX,BCHUSD,725.27,1533308168413,0.12430587
601,B,GDAX,BCHUSD,725.27,1533308168414,0.87569413
602,B,BITF,BCHUSD,724.51,1533308172645,2.0
603,B,BITF,BCHUSD,724.41,1533308172645,0.46117888
604,B,GDAX,BCHUSD,725.27,1533308181379,2.0008
605,B,BITF,BCHUSD,724.41,1533308193300,0.5104765
606,B,BITF,BCHUSD,724.41,1533308207781,1.37982993
607,B,BITF,BCHUSD,724.41,1533308216695,1.38012129
608,B,BITF,BCHUSD,724.41,1533308217785,1.38081782
609,B,BITF,BCHUSD,724.41,1533308219400,0.89748635
610,B,BITF,BCHUSD,724.41,1533308229875,0.3
611,B,GDAX,BCHUSD,725.27,1533308230639,0.01378778
612,B,GDAX,BCHUSD,725.27,1533308230639,0.23124038
613,B,GDAX,BCHUSD,725.27,1533308230655,0.31379668
614,B,GDAX,BCHUSD,725.27,1533308230663,0.04
615,B,BITF,BCHUSD,724.41,1533308232557,0.02
616,B,GDAX,BCHUSD,725.27,1533308249600,0.10392941
617,B,GDAX,BCHUSD,725.27,1533308263274,0.1561
618,B,BITF,BCHUSD,724.73,1533308345088,1.856285
619,B,GDAX,BCHUSD,725.27,1533308348884,11.494000000000002
620,B,BITS,BCHUSD,725.04,1533308357592,0.02
621,B,GDAX,BCHUSD,725.27,1533308421797,0.63642215
622,B,BITS,BCHUSD,725.0,1533308468103,5.0
623,B,GDAX,BCHUSD,725.27,1533308493780,0.15894382
624,B,BITF,BCHUSD,724.56,1533308495693,0.23457671
625,B,BITF,BCHUSD,724.56,1533308495984,0.40764303
626,B,BITF,BCHUSD,724.56,1533308496113,0.20367839
627,B,GDAX,BCHUSD,725.27,1533308509550,3.86556756
628,B,GDAX,BCHUSD,725.27,1533308509553,0.01378797
629,B,GDAX,BCHUSD,725.27,1533308509555,3.3
630,B,GDAX,BCHUSD,725.27,1533308509556,5.0
631,B,GDAX,BCHUSD,725.2,1533308509557,8.55393324
632,B,BITF,BCHUSD,724.55,1533308531888,0.04643295
633,B,BITF,BCHUSD,724.41,1533308531888,0.94747934
634,B,GDAX,BCHUSD,725.0,1533308533048,0.025
635,B,GDAX,BCHUSD,725.0,1533308533048,0.2
636,B,GDAX,BCHUSD,725.0,1533308533049,0.07433889
637,B,BITF,BCHUSD,724.41,1533308533062,0.026000000000000002
638,B,BITF,BCHUSD,724.41,1533308533096,0.033
639,B,BITF,BCHUSD,724.42,1533308533746,0.025
640,B,BITS,BCHUSD,724.56,1533308534051,0.37444502
641,B,BITF,BCHUSD,724.41,1533308535884,0.3313041
642,B,GDAX,BCHUSD,725.0,1533308557381,0.01379291
643,B,GDAX,BCHUSD,725.0,1533308557382,0.10125128
644,B,BITF,BCHUSD,724.41,1533308561400,0.33179877
645,B,BITF,BCHUSD,724.41,1533308564824,0.33179877
646,B,BITF,BCHUSD,724.43,1533308587485,0.33171622
647,B,GDAX,BCHUSD,725.0,1533308596708,0.54377
648,B,BITF,BCHUSD,724.44,1533308607461,0.03617717
649,B,BITF,BCHUSD,724.43,1533308607461,0.95915033
650,B,BITF,BCHUSD,724.43,1533308611342,0.9953274999999999
651,B,BITF,BCHUSD,724.44,1533308615398,0.03617717
652,B,BITF,BCHUSD,724.44,1533308615399,0.29559867
653,B,BITF,BCHUSD,724.41,1533308620355,0.33177584
654,B,BITF,BCHUSD,724.41,1533308623607,0.33172081
655,B,GDAX,BCHUSD,725.0,1533308627749,1.03968948
656,B,BITF,BCHUSD,724.41,1533308654177,0.2152116
657,B,BITF,BCHUSD,724.41,1533308654178,0.77098245
658,B,GDAX,BCHUSD,725.0,1533308676860,0.0137931
659,B,GDAX,BCHUSD,725.0,1533308676860,0.07149021
660,B,GDAX,BCHUSD,725.0,1533308676860,0.26736352
661,B,BITF,BCHUSD,724.41,1533308690666,0.67421347
662,B,BITF,BCHUSD,724.32,1533308693836,0.04643295
663,B,BITF,BCHUSD,724.11,1533308693849,0.6587
664,B,BITF,BCHUSD,723.98,1533308693849,0.04643295
665,B,BITF,BCHUSD,723.71,1533308693849,3.155
666,B,BITF,BCHUSD,723.69,1533308693849,0.04643295
667,B,BITF,BCHUSD,723.63,1533308693849,1.04700115
668,B,GDAX,BCHUSD,725.0,1533308694422,0.98826437
669,B,GDAX,BCHUSD,725.0,1533308694422,0.07274442
670,B,GDAX,BCHUSD,725.0,1533308694423,2.99999121
671,B,BITS,BCHUSD,724.56,1533308694452,4.6115
672,B,BITS,BCHUSD,724.56,1533308694618,6.427e-05
673,B,BITF,BCHUSD,723.49,1533308701180,0.3
674,B,BITF,BCHUSD,723.49,1533308701180,1.2
675,B,BITF,BCHUSD,723.49,1533308702865,0.5
676,B,GDAX,BCHUSD,725.0,1533308715398,8.79e-06
677,B,GDAX,BCHUSD,725.0,1533308715406,0.01379291
678,B,GDAX,BCHUSD,725.0,1533308715406,0.13170785
679,B,GDAX,BCHUSD,725.0,1533308734526,0.25820551
680,B,GDAX,BCHUSD,724.4,1533308754302,0.5918611
681,B,GDAX,BCHUSD,724.4,1533308762395,19.00174082
682,B,BITF,BCHUSD,723.37,1533308767683,0.03766475
683,B,BITF,BCHUSD,723.37,1533308767683,2.12833525
684,B,BITF,BCHUSD,723.07,1533308768047,0.545
685,B,BITF,BCHUSD,723.07,1533308769219,0.00022
686,B,BITF,BCHUSD,722.98,1533308770926,3.5580000000000003
687,B,BITF,BCHUSD,722.98,1533308770926,0.998
688,B,BITF,BCHUSD,722.97,1533308772189,2.733
689,B,GDAX,BCHUSD,724.4,1533308773632,0.19155999999999998
690,B,GDAX,BCHUSD,724.4,1533308776718,3.5580000000000003
691,B,GDAX,BCHUSD,724.4,1533308779106,0.74538947
692,B,GDAX,BCHUSD,724.4,1533308779108,0.0137931
693,B,GDAX,BCHUSD,724.4,1533308779109,0.07146781
694,B,GDAX,BCHUSD,724.1,1533308792981,0.05
695,B,GDAX,BCHUSD,724.1,1533308792981,0.99485553
696,B,GDAX,BCHUSD,724.1,1533308792985,0.17214447
697,B,GDAX,BCHUSD,724.1,1533308793090,0.168193
698,B,GDAX,BCHUSD,724.01,1533308793091,0.131807
699,B,BITF,BCHUSD,722.61,1533308799394,1.9
700,B,BITF,BCHUSD,722.56,1533308799394,0.03595363
701,B,BITF,BCHUSD,722.55,1533308799394,0.2
702,B,BITF,BCHUSD,722.54,1533308799394,4.53524178
703,B,GDAX,BCHUSD,724.01,1533308800893,1.22030374
704,B,GDAX,BCHUSD,724.01,1533308800893,1.01495854
705,B,GDAX,BCHUSD,724.01,1533308800893,2.2999794999999996
706,B,GDAX,BCHUSD,724.01,1533308802145,1.0
707,B,BITF,BCHUSD,722.62,1533308808299,0.44741049
708,B,BITF,BCHUSD,722.61,1533308808299,4.55258951
709,B,GDAX,BCHUSD,724.01,1533308809460,4.55258951
710,B,GDAX,BCHUSD,724.01,1533308811503,4.05039605
711,B,GDAX,BCHUSD,724.01,1533308811503,0.47986852
712,B,GDAX,BCHUSD,724.01,1533308811503,1.37706519
713,B,GDAX,BCHUSD,724.01,1533308811503,1.06736253
714,B,GDAX,BCHUSD,724.01,1533308811503,0.06598132
715,B,GDAX,BCHUSD,724.01,1533308811503,0.07146781
716,B,GDAX,BCHUSD,724.01,1533308811503,0.01381196
717,B,GDAX,BCHUSD,724.0,1533308811503,0.16404662
718,B,GDAX,BCHUSD,724.0,1533308811503,0.0894931
719,B,GDAX,BCHUSD,724.0,1533308811503,0.94565801
720,B,GDAX,BCHUSD,724.0,1533308812584,0.60248989
721,B,GDAX,BCHUSD,724.0,1533308812585,0.45519465
722,B,GDAX,BCHUSD,724.0,1533308812586,0.36931546
723,B,BITF,BCHUSD,722.64,1533308828026,0.0608
724,B,GDAX,BCHUSD,724.0,1533308828191,0.0608
725,B,BITF,BCHUSD,722.8,1533308840503,0.99215399
726,B,GDAX,BCHUSD,724.0,1533308846858,0.21085249
727,B,GDAX,BCHUSD,724.0,1533308847094,0.20658
728,B,BITF,BCHUSD,722.62,1533308849264,0.03557773
729,B,GDAX,BCHUSD,724.0,1533308850830,0.16338402
730,B,GDAX,BCHUSD,724.0,1533308851831,0.41316
731,B,GDAX,BCHUSD,724.0,1533308852835,0.01547801
732,B,GDAX,BCHUSD,724.0,1533308852847,0.185922
733,B,BITF,BCHUSD,722.62,1533308856502,0.0003759
734,B,BITF,BCHUSD,722.48,1533308856590,0.0196241
735,B,GDAX,BCHUSD,724.0,1533308874034,0.10381761
736,B,GDAX,BCHUSD,724.0,1533308875012,0.02917426
737,B,GDAX,BCHUSD,724.0,1533308875966,1.06471646
738,B,GDAX,BCHUSD,724.0,1533308876006,2.573
739,B,GDAX,BCHUSD,724.0,1533308877967,0.14020512
740,B,BITS,BCHUSD,723.0,1533308896723,0.00065214
741,B,BITS,BCHUSD,723.0,1533308896806,0.49684786
742,B,BITF,BCHUSD,722.49,1533308898201,0.085583
743,B,GDAX,BCHUSD,724.0,1533308902881,12.77208114
744,B,GDAX,BCHUSD,724.0,1533308902884,2.48138531
745,B,GDAX,BCHUSD,724.0,1533308902886,10.02762431
746,B,GDAX,BCHUSD,724.0,1533308902889,14.288369699999999
747,B,GDAX,BCHUSD,724.0,1533308903812,5.77461372
748,B,GDAX,BCHUSD,724.0,1533308903812,2.37771672
749,B,GDAX,BCHUSD,724.0,1533308903812,0.01381196
750,B,GDAX,BCHUSD,724.0,1533308903812,0.07146781
751,B,GDAX,BCHUSD,724.0,1533308903812,0.25
752,B,GDAX,BCHUSD,724.0,1533308903812,0.99495729
753,B,GDAX,BCHUSD,723.29,1533308904327,2.0
754,B,GDAX,BCHUSD,723.29,1533308904327,0.05
755,B,GDAX,BCHUSD,722.9,1533308904412,0.02
756,B,BITS,BCHUSD,722.2,1533308904593,7.367000000000001
757,B,BITS,BCHUSD,722.19,1533308904678,3.155
758,B,GDAX,BCHUSD,722.9,1533308908283,0.98
759,B,GDAX,BCHUSD,722.9,1533308908284,0.05
760,B,BITF,BCHUSD,722.48,1533308908471,0.02680885
761,B,BITF,BCHUSD,722.45,1533308909556,0.04643295
762,B,BITF,BCHUSD,722.44,1533308909556,0.03919229
763,B,BITF,BCHUSD,722.44,1533308910105,0.37084251
764,B,BITF,BCHUSD,722.12,1533308910251,0.04643295
765,B,BITF,BCHUSD,722.08,1533308910251,0.39282
766,B,GDAX,BCHUSD,722.5,1533308919340,0.25
767,B,GDAX,BCHUSD,722.5,1533308919341,0.05
768,B,GDAX,BCHUSD,722.24,1533308919345,0.45
769,B,GDAX,BCHUSD,722.24,1533308921557,1.0
770,B,GDAX,BCHUSD,722.24,1533308932577,0.08133952
771,B,GDAX,BCHUSD,722.24,1533308932577,0.05
772,B,GDAX,BCHUSD,722.24,1533308932579,0.43615
773,B,GDAX,BCHUSD,722.24,1533308932579,1.5
774,B,GDAX,BCHUSD,722.24,1533308932579,0.01384581
775,B,GDAX,BCHUSD,722.24,1533308932580,0.07146781
776,B,GDAX,BCHUSD,722.24,1533308932581,2.0
777,B,GDAX,BCHUSD,722.15,1533308932582,0.1
778,B,GDAX,BCHUSD,722.1,1533308932584,75.74719686
779,B,BITF,BCHUSD,721.71,1533308936314,0.04643295
780,B,BITF,BCHUSD,721.63,1533308936314,2.39996705
781,B,BITF,BCHUSD,721.63,1533308936314,7.60003295
782,B,BITF,BCHUSD,721.4,1533308936314,6.9282
783,B,BITF,BCHUSD,721.33,1533308936339,5.47176705
784,B,BITF,BCHUSD,721.33,1533308936491,1.5422
785,B,BITF,BCHUSD,721.33,1533308936512,0.514
786,B,BITF,BCHUSD,721.33,1533308936521,0.2569
787,B,GDAX,BCHUSD,722.24,1533308936947,0.05
788,B,GDAX,BCHUSD,722.24,1533308936947,0.36086999999999997
789,B,BITS,BCHUSD,721.14,1533308937217,0.0363
790,B,GDAX,BCHUSD,722.24,1533308937581,0.14
791,B,GDAX,BCHUSD,722.24,1533308937601,4.466
792,B,BITF,BCHUSD,721.34,1533308938040,0.07046911
793,B,GDAX,BCHUSD,722.24,1533308949891,4.28046
794,B,GDAX,BCHUSD,722.24,1533308991054,0.5504
795,B,BITF,BCHUSD,721.33,1533309021445,1.37062249
796,B,BITF,BCHUSD,721.33,1533309021981,0.54028413
797,B,BITF,BCHUSD,721.33,1533309022270,0.30422633
798,B,BITF,BCHUSD,721.33,1533309022284,0.06485977
799,B,BITF,BCHUSD,721.33,1533309022284,0.02981969
800,B,BITF,BCHUSD,721.33,1533309022321,0.00261019
801,B,BITF,BCHUSD,721.32,1533309022322,0.04643295
802,B,GDAX,BCHUSD,722.24,1533309029168,0.20227
803,B,GDAX,BCHUSD,722.24,1533309029169,0.12331224
804,B,GDAX,BCHUSD,722.24,1533309029169,0.01384581
805,B,GDAX,BCHUSD,722.24,1533309029170,0.07146781
806,B,GDAX,BCHUSD,722.1,1533309029176,6.35291921
807,B,BITF,BCHUSD,721.17,1533309030802,2.74098012
808,B,GDAX,BCHUSD,722.1,1533309032055,1.5819999999999999
809,B,BITF,BCHUSD,721.17,1533309051135,0.33282024
810,B,GDAX,BCHUSD,722.1,1533309051618,3.1099813
811,B,GDAX,BCHUSD,722.1,1533309053260,2.20790263
812,B,GDAX,BCHUSD,722.1,1533309053264,0.19837562
813,B,GDAX,BCHUSD,722.1,1533309053264,0.01384831
814,B,GDAX,BCHUSD,722.1,1533309053264,0.07146781
815,B,GDAX,BCHUSD,721.38,1533309053264,0.05
816,B,GDAX,BCHUSD,721.37,1533309053265,0.91405563
817,B,BITF,BCHUSD,721.17,1533309085115,0.33319451
818,B,BITF,BCHUSD,721.17,1533309142202,0.30219477
819,B,BITF,BCHUSD,721.18,1533309152002,0.03145699
820,B,BITF,BCHUSD,721.17,1533309152002,3.46881871
821,B,BITF,BCHUSD,721.17,1533309152283,0.69491815
822,B,BITF,BCHUSD,721.17,1533309152876,1.89308208
823,B,BITF,BCHUSD,721.17,1533309152969,1.0
824,B,BITF,BCHUSD,721.17,1533309153168,0.6949578000000001
825,B,GDAX,BCHUSD,721.79,1533309153495,0.02656978
826,B,BITF,BCHUSD,721.17,1533309153496,0.56152545
827,B,BITF,BCHUSD,721.17,1533309153658,0.16371481
828,B,BITF,BCHUSD,720.92,1533309154104,0.04643295
829,B,BITF,BCHUSD,720.86,1533309154206,0.05356705
830,B,GDAX,BCHUSD,721.79,1533309155643,1.50611837
831,B,GDAX,BCHUSD,721.79,1533309155664,0.07088163
832,B,GDAX,BCHUSD,721.79,1533309226922,0.00058618
833,B,GDAX,BCHUSD,721.79,1533309226922,0.07292634
834,B,GDAX,BCHUSD,721.79,1533309226922,0.07296894
835,B,GDAX,BCHUSD,721.44,1533309226925,0.05
836,B,GDAX,BCHUSD,721.38,1533309226925,0.0138627
837,B,GDAX,BCHUSD,721.01,1533309226926,2.0
838,B,GDAX,BCHUSD,721.0,1533309226927,0.00010578
839,B,GDAX,BCHUSD,721.0,1533309226929,0.7370922
840,B,GDAX,BCHUSD,721.0,1533309230505,5.00514654
841,B,BITF,BCHUSD,720.86,1533309233771,0.043
842,B,BITF,BCHUSD,720.86,1533309257796,1.39066025
843,B,BITF,BCHUSD,720.86,1533309257811,0.1918977
844,B,BITF,BCHUSD,720.58,1533309257811,0.50343243
845,B,BITF,BCHUSD,720.58,1533309258374,0.69533013
846,B,BITF,BCHUSD,720.58,1533309258374,1.39066025
847,B,BITF,BCHUSD,720.57,1533309273021,0.5
848,B,BITF,BCHUSD,720.57,1533309273425,0.055
849,B,BITF,BCHUSD,720.57,1533309281212,0.07200000000000001
850,B,BITF,BCHUSD,720.57,1533309301873,0.05
851,B,BITF,BCHUSD,720.39,1533309317268,0.04
852,B,GDAX,BCHUSD,721.28,1533309336546,3.0
853,B,GDAX,BCHUSD,721.28,1533309336546,0.82643219
854,B,GDAX,BCHUSD,721.28,1533309336548,1.17355907
855,B,BITF,BCHUSD,720.59,1533309366872,1.910928
856,B,BITF,BCHUSD,720.59,1533309383359,0.5
857,B,BITF,BCHUSD,720.59,1533309383359,0.03114242
858,B,BITF,BCHUSD,720.59,1533309397557,0.03114242
859,B,BITF,BCHUSD,720.59,1533309397557,0.24885758
860,B,GDAX,BCHUSD,721.28,1533309427212,0.14436196
861,B,GDAX,BCHUSD,721.28,1533309427213,0.07457839
862,B,GDAX,BCHUSD,721.28,1533309427214,0.34047213
863,B,GDAX,BCHUSD,721.28,1533309444402,25.15
864,B,GDAX,BCHUSD,721.28,1533309446260,0.262
865,B,GDAX,BCHUSD,721.28,1533309457611,0.77030718
866,B,GDAX,BCHUSD,721.25,1533309457611,0.01386963
867,B,GDAX,BCHUSD,721.0,1533309457611,7.77482319
868,B,BITF,BCHUSD,720.47,1533309457906,2.53
869,B,BITF,BCHUSD,720.47,1533309464335,0.374
870,B,BITF,BCHUSD,720.47,1533309465480,1.34020141
871,B,BITF,BCHUSD,720.47,1533309470794,1.00101492
872,B,GDAX,BCHUSD,721.0,1533309481694,0.00045754
873,B,GDAX,BCHUSD,721.0,1533309481695,0.02144246
874,B,GDAX,BCHUSD,721.0,1533309488274,0.0169162
875,B,GDAX,BCHUSD,721.0,1533309507489,0.03293877
876,B,GDAX,BCHUSD,720.53,1533309507490,0.02
877,B,GDAX,BCHUSD,720.39,1533309507491,0.01641133
878,B,GDAX,BCHUSD,720.29,1533309507495,0.04640495
879,B,GDAX,BCHUSD,720.75,1533309609555,0.10688588
880,B,GDAX,BCHUSD,721.26,1533309628104,0.08
881,B,GDAX,BCHUSD,721.26,1533309628104,0.04993723
882,B,BITF,BCHUSD,720.7,1533309723331,0.11746817
883,B,BITF,BCHUSD,720.7,1533309723437,0.09096808
884,B,BITF,BCHUSD,720.7,1533309723531,0.16558462
885,B,BITF,BCHUSD,720.7,1533309723933,0.33333334
886,B,GDAX,BCHUSD,721.26,1533309791922,0.29767777
887,B,GDAX,BCHUSD,721.26,1533309791922,0.29354683
888,B,BITF,BCHUSD,720.61,1533309805995,1.0
889,B,GDAX,BCHUSD,721.46,1533309817057,0.07381737
890,B,BITF,BCHUSD,720.66,1533309819122,0.03
891,B,BITF,BCHUSD,720.65,1533309819122,0.02
892,B,BITF,BCHUSD,720.4,1533309819122,0.7482300000000001
893,B,BITF,BCHUSD,720.28,1533309819136,0.20177
894,B,BITF,BCHUSD,721.01,1533309846715,0.09358949
895,B,GDAX,BCHUSD,721.46,1533309848890,0.13570552
896,B,GDAX,BCHUSD,721.46,1533309848890,0.27620918
897,B,GDAX,BCHUSD,721.46,1533309848894,0.07284505
898,B,GDAX,BCHUSD,721.24,1533309848929,11.51524025
899,B,GDAX,BCHUSD,721.24,1533309875883,0.13171795
900,B,GDAX,BCHUSD,721.24,1533309878991,0.8142
901,B,BITF,BCHUSD,720.68,1533309912671,0.11307666
902,B,BITF,BCHUSD,720.68,1533309912706,0.03793976
903,B,BITF,BCHUSD,720.68,1533309912871,0.07355862
904,B,GDAX,BCHUSD,721.24,1533309930133,1.53706
905,B,GDAX,BCHUSD,721.24,1533309947156,20.0
906,B,GDAX,BCHUSD,721.24,1533309976365,11.001781800000002
907,B,GDAX,BCHUSD,721.24,1533309976399,0.07284505
908,B,GDAX,BCHUSD,721.24,1533309976399,0.07486852
909,B,GDAX,BCHUSD,721.24,1533309976399,1.5
910,B,GDAX,BCHUSD,720.52,1533309976399,0.05
911,B,GDAX,BCHUSD,720.52,1533309976399,0.585
912,B,GDAX,BCHUSD,720.49,1533309976399,0.9
913,B,GDAX,BCHUSD,720.48,1533309976399,7.81550463
914,B,GDAX,BCHUSD,720.53,1533310019622,1.5
915,B,GDAX,BCHUSD,720.53,1533310019623,0.07278724
916,B,GDAX,BCHUSD,720.27,1533310019623,5.025585700000001
917,B,GDAX,BCHUSD,720.27,1533310019626,0.04
918,B,BITF,BCHUSD,721.11,1533310040223,0.0297
919,B,GDAX,BCHUSD,720.97,1533310040792,0.25085
920,B,GDAX,BCHUSD,721.48,1533310053882,0.2508
921,B,BITF,BCHUSD,721.37,1533310090377,0.027999999999999997
922,B,BITF,BCHUSD,721.37,1533310093918,0.027999999999999997
923,B,BITF,BCHUSD,721.37,1533310095148,0.037000000000000005
924,B,BITF,BCHUSD,721.43,1533310137923,0.69477186
925,B,BITF,BCHUSD,721.43,1533310137976,0.30522814
926,B,BITF,BCHUSD,721.43,1533310137976,1.08431558
927,B,BITF,BCHUSD,721.43,1533310137976,0.91568442
928,B,BITF,BCHUSD,721.43,1533310137976,1.86340301
929,B,GDAX,BCHUSD,721.48,1533310141844,0.27387548
930,B,GDAX,BCHUSD,721.48,1533310141844,9.72612452
931,B,BITF,BCHUSD,721.37,1533310185465,0.33287563
932,B,BITF,BCHUSD,721.38,1533310186764,0.029403
933,B,BITF,BCHUSD,721.37,1533310186764,0.30347263
934,B,BITF,BCHUSD,721.41,1533310213991,0.02
935,B,BITF,BCHUSD,721.41,1533310213991,0.03272545
936,B,BITF,BCHUSD,721.41,1533310214011,0.10577777
937,B,GDAX,BCHUSD,721.79,1533310362299,1.00073651
938,B,BITF,BCHUSD,721.69,1533310420797,0.02
939,B,BITF,BCHUSD,721.68,1533310420797,0.18143218
940,B,BITF,BCHUSD,721.56,1533310420825,0.01656782
941,B,BITF,BCHUSD,721.59,1533310430072,0.02
942,B,BITF,BCHUSD,721.58,1533310430072,0.025
943,B,GDAX,BCHUSD,721.82,1533310490823,0.1326
944,B,GDAX,BCHUSD,721.99,1533310501511,0.1577
945,B,BITF,BCHUSD,722.47,1533310564984,0.09
946,B,GDAX,BCHUSD,721.99,1533310572633,0.2042
947,B,BITF,BCHUSD,722.58,1533310574934,0.033
948,B,BITF,BCHUSD,722.67,1533310586425,0.022000000000000002
949,B,BITF,BCHUSD,722.73,1533310590351,0.21
950,B,BITF,BCHUSD,722.73,1533310590487,0.023
951,B,BITF,BCHUSD,722.83,1533310620395,0.022000000000000002
952,B,BITF,BCHUSD,722.83,1533310630846,0.33202828
953,B,BITF,BCHUSD,722.83,1533310634835,0.051
954,B,BITF,BCHUSD,723.04,1533310714404,0.33223512
955,B,BITF,BCHUSD,723.05,1533310720405,0.0913383
956,B,BITF,BCHUSD,723.05,1533310720460,0.24089682
957,B,GDAX,BCHUSD,723.04,1533310771747,0.14315603
958,B,BITF,BCHUSD,723.4,1533310809414,0.08176884
959,B,BITS,BCHUSD,723.69,1533310809703,0.05756005
960,B,BITF,BCHUSD,723.41,1533310809704,0.12613477
961,B,BITF,BCHUSD,723.41,1533310809779,0.06483796
962,B,GDAX,BCHUSD,723.79,1533310863402,0.05
963,B,GDAX,BCHUSD,723.69,1533310863404,1.5
964,B,GDAX,BCHUSD,723.69,1533310863405,1.21525505
965,B,GDAX,BCHUSD,723.58,1533310863407,0.15113292
966,B,BITF,BCHUSD,724.29,1533310872278,0.9890000000000001
967,B,BITF,BCHUSD,724.29,1533310876480,0.34700000000000003
968,B,BITS,BCHUSD,725.0,1533310882426,0.12247926
969,B,BITF,BCHUSD,724.29,1533310892587,0.038
970,B,BITF,BCHUSD,724.29,1533310894014,0.127
971,B,GDAX,BCHUSD,723.58,1533310896416,0.05132215
972,B,GDAX,BCHUSD,723.9,1533310971411,0.27779240000000005
973,B,GDAX,BCHUSD,723.9,1533311004835,0.066
974,B,GDAX,BCHUSD,723.9,1533311044974,0.10963391
975,B,BITF,BCHUSD,724.55,1533311045482,0.03908782
976,B,BITF,BCHUSD,724.55,1533311045495,1.52697318
977,B,GDAX,BCHUSD,723.9,1533311067811,0.05
978,B,GDAX,BCHUSD,723.9,1533311067813,1.19788209
979,B,GDAX,BCHUSD,723.9,1533311067815,0.19923843
980,B,GDAX,BCHUSD,723.58,1533311067815,0.05287844
981,B,BITF,BCHUSD,724.56,1533311074266,0.03908782
982,B,BITF,BCHUSD,724.56,1533311074266,0.01891218
983,B,BITF,BCHUSD,724.56,1533311074668,0.023
984,B,GDAX,BCHUSD,723.58,1533311075294,0.24756859
985,B,BITF,BCHUSD,724.5,1533311100442,60.0
986,B,BITF,BCHUSD,724.5,1533311108056,0.028999999999999998
987,B,BITF,BCHUSD,724.5,1533311112273,0.79478593
988,B,BITF,BCHUSD,724.5,1533311173421,0.025
989,B,GDAX,BCHUSD,723.9,1533311219639,0.01017088
990,B,BITF,BCHUSD,724.5,1533311244310,3.0
991,B,BITS,BCHUSD,724.18,1533311255582,0.01129284
992,B,BITF,BCHUSD,724.5,1533311280250,0.60674
993,B,GDAX,BCHUSD,723.9,1533311326695,0.9
994,B,GDAX,BCHUSD,723.9,1533311326699,0.06043
995,B,GDAX,BCHUSD,723.9,1533311326699,0.13695187
996,B,GDAX,BCHUSD,723.9,1533311326699,0.07573375
997,B,GDAX,BCHUSD,723.9,1533311326704,0.17590843
998,B,GDAX,BCHUSD,723.78,1533311326704,0.05
999,B,GDAX,BCHUSD,723.58,1533311326704,0.10522686
1000,B,GDAX,BCHUSD,723.58,1533311381937,0.42101838
1001,B,BITF,BCHUSD,724.5,1533311404724,0.027999999999999997
1002,B,BITF,BCHUSD,724.5,1533311409034,0.027999999999999997
1003,B,BITF,BCHUSD,724.5,1533311435344,0.4
1004,B,BITF,BCHUSD,724.5,1533311482858,0.5
1005,B,GDAX,BCHUSD,723.86,1533311508983,0.4
1006,B,GDAX,BCHUSD,723.86,1533311508984,0.05
1007,B,GDAX,BCHUSD,723.86,1533311508985,0.25470886
1008,B,BITF,BCHUSD,724.5,1533311513806,0.1
1009,B,GDAX,BCHUSD,723.87,1533311627699,0.76108227
1010,B,GDAX,BCHUSD,723.87,1533311682815,0.02024849
1011,B,BITF,BCHUSD,724.53,1533311726842,2.0
1012,B,BITF,BCHUSD,724.53,1533311726842,0.14797133
1013,B,BITF,BCHUSD,724.63,1533311791914,0.78
1014,B,GDAX,BCHUSD,723.87,1533311869090,0.05
1015,B,GDAX,BCHUSD,723.87,1533311869090,0.12402719
1016,B,GDAX,BCHUSD,723.87,1533311869090,1.94008406
1017,B,GDAX,BCHUSD,723.87,1533311899878,0.99993502
1018,B,GDAX,BCHUSD,723.87,1533311925937,0.04163828
1019,B,GDAX,BCHUSD,723.87,1533311996189,10.0
1020,B,GDAX,BCHUSD,723.87,1533312000804,0.2448
1021,B,GDAX,BCHUSD,723.87,1533312025845,0.02226
1022,B,BITF,BCHUSD,725.46,1533312057325,0.064
1023,B,BITF,BCHUSD,725.78,1533312097254,1.8
1024,B,GDAX,BCHUSD,723.99,1533312160459,0.0488
1025,B,GDAX,BCHUSD,724.0,1533312194158,0.05134861
1026,B,GDAX,BCHUSD,724.0,1533312207555,0.11345688
1027,B,BITF,BCHUSD,725.53,1533312217380,0.04100606
1028,B,BITF,BCHUSD,725.52,1533312217380,0.0615
1029,B,BITF,BCHUSD,725.46,1533312217400,0.00793169
1030,B,BITF,BCHUSD,725.46,1533312220332,10.0
1031,B,BITF,BCHUSD,725.46,1533312220412,1.0
1032,B,BITF,BCHUSD,725.46,1533312220803,0.99407696
1033,B,BITF,BCHUSD,725.46,1533312221350,0.33135442
1034,B,BITF,BCHUSD,725.46,1533312223417,0.99413187
1035,B,GDAX,BCHUSD,724.0,1533312225929,2.88654312
1036,B,GDAX,BCHUSD,724.0,1533312225929,5.0
1037,B,GDAX,BCHUSD,724.0,1533312225931,0.05
1038,B,GDAX,BCHUSD,724.0,1533312225932,1.67689654
1039,B,BITF,BCHUSD,725.46,1533312226316,1.67689654
1040,B,BITF,BCHUSD,725.46,1533312234051,0.28803986
1041,B,GDAX,BCHUSD,724.0,1533312241687,0.1015237
1042,B,BITF,BCHUSD,725.46,1533312241714,0.1015237
1043,B,GDAX,BCHUSD,724.74,1533312253521,0.1016
1044,B,GDAX,BCHUSD,724.74,1533312260717,0.05229826
1045,B,GDAX,BCHUSD,724.74,1533312290363,0.09707172
1046,B,BITF,BCHUSD,725.48,1533312333857,0.040596
1047,B,BITF,BCHUSD,725.47,1533312333857,0.17241027
1048,B,BITF,BCHUSD,725.46,1533312333857,30.78699373
1049,B,BITF,BCHUSD,725.46,1533312337269,1.4
1050,B,GDAX,BCHUSD,724.74,1533312347445,1.39937736
1051,B,BITF,BCHUSD,725.48,1533312406711,0.040596
1052,B,BITF,BCHUSD,725.22,1533312406718,2.0
1053,B,BITF,BCHUSD,725.12,1533312406718,0.140404
1054,B,BITF,BCHUSD,724.9,1533312422386,0.02010999
1055,B,GDAX,BCHUSD,724.74,1533312433043,0.05
1056,B,GDAX,BCHUSD,724.74,1533312433043,0.33613665
1057,B,GDAX,BCHUSD,724.74,1533312433043,0.17255711
1058,B,GDAX,BCHUSD,724.74,1533312433043,2.81490624
1059,B,BITF,BCHUSD,724.9,1533312441171,0.061
1060,B,GDAX,BCHUSD,724.74,1533312447055,0.01385352
1061,B,GDAX,BCHUSD,724.74,1533312455588,0.0522
1062,B,BITF,BCHUSD,724.8,1533312456377,0.083
1063,B,GDAX,BCHUSD,724.74,1533312474938,0.01116933
1064,B,BITF,BCHUSD,724.8,1533312490370,0.8309
1065,B,BITF,BCHUSD,724.8,1533312490379,0.03978408
1066,B,BITF,BCHUSD,724.74,1533312490379,0.02
1067,B,BITF,BCHUSD,724.45,1533312490404,0.5242899999999999
1068,B,BITF,BCHUSD,724.02,1533312495297,0.02
1069,B,BITF,BCHUSD,724.02,1533312495297,0.01571688
1070,B,GDAX,BCHUSD,724.74,1533312506790,0.79192092
1071,B,GDAX,BCHUSD,724.74,1533312523398,0.09551429
1072,B,GDAX,BCHUSD,724.74,1533312525441,0.03655261
1073,B,BITF,BCHUSD,724.42,1533312568189,0.70626171
1074,B,BITF,BCHUSD,724.42,1533312568189,0.12757483
1075,B,BITF,BCHUSD,724.42,1533312568212,0.02
1076,B,BITF,BCHUSD,724.4,1533312568212,1.0062
1077,B,GDAX,BCHUSD,724.74,1533312576422,0.0722
1078,B,GDAX,BCHUSD,724.74,1533312674093,0.31826181
1079,B,GDAX,BCHUSD,724.74,1533312674093,0.05
1080,B,GDAX,BCHUSD,724.74,1533312674093,0.17569451
1081,B,GDAX,BCHUSD,724.74,1533312674093,0.16952786
1082,B,GDAX,BCHUSD,724.74,1533312674094,0.1727265
1083,B,GDAX,BCHUSD,724.74,1533312674095,0.17604816
1084,B,GDAX,BCHUSD,724.74,1533312674096,0.016944
1085,B,GDAX,BCHUSD,724.74,1533312674096,0.17950008
1086,B,GDAX,BCHUSD,724.16,1533312674097,0.69081652
1087,B,GDAX,BCHUSD,724.15,1533312674098,0.33498224
1088,B,GDAX,BCHUSD,724.04,1533312674103,6.04289781
1089,B,BITF,BCHUSD,724.36,1533312696870,0.02
1090,B,BITF,BCHUSD,724.36,1533312696870,0.03938624
1091,B,BITF,BCHUSD,724.34,1533312696870,0.05121947
1092,B,GDAX,BCHUSD,724.04,1533312704561,0.05
1093,B,GDAX,BCHUSD,724.04,1533312704562,0.9569728000000001
1094,B,BITF,BCHUSD,724.34,1533312729998,0.11078053
1095,B,GDAX,BCHUSD,724.04,1533312763902,0.05
1096,B,GDAX,BCHUSD,724.04,1533312763903,0.16562014
1097,B,GDAX,BCHUSD,723.99,1533312763904,2.04237986
1098,B,GDAX,BCHUSD,723.99,1533312766653,9.16511879
1099,B,GDAX,BCHUSD,723.99,1533312766653,0.05
1100,B,GDAX,BCHUSD,723.99,1533312766653,0.16900015
1101,B,GDAX,BCHUSD,723.87,1533312766661,0.12088106
1102,B,BITF,BCHUSD,723.61,1533312767393,0.42528229
1103,B,GDAX,BCHUSD,723.87,1533312770623,4.35380852
1104,B,GDAX,BCHUSD,723.87,1533312770625,0.85207604
1105,B,GDAX,BCHUSD,723.87,1533312770634,0.04911544
1106,B,BITF,BCHUSD,723.5,1533312774324,0.11074504
1107,B,BITF,BCHUSD,723.45,1533312778692,0.11074504
1108,B,BITF,BCHUSD,723.45,1533312782361,0.11074504
1109,B,BITF,BCHUSD,723.21,1533312813526,0.04991878
1110,B,BITF,BCHUSD,723.13,1533312813526,0.04991878
1111,B,BITF,BCHUSD,723.0,1533312813526,0.04991878
1112,B,BITF,BCHUSD,722.91,1533312813526,0.5703199999999999
1113,B,BITF,BCHUSD,722.9,1533312813526,0.04991878
1114,B,BITF,BCHUSD,722.73,1533312813526,0.02
1115,B,BITF,BCHUSD,722.47,1533312813526,0.04991878
1116,B,BITF,BCHUSD,722.46,1533312813526,0.02
1117,B,BITF,BCHUSD,722.44,1533312813526,0.1443471
1118,B,BITF,BCHUSD,722.73,1533312814205,0.02
1119,B,BITF,BCHUSD,722.47,1533312831011,0.02
1120,B,BITF,BCHUSD,722.44,1533312831011,0.013000000000000001
1121,B,BITF,BCHUSD,722.45,1533312846137,0.03148493
1122,B,BITF,BCHUSD,722.44,1533312846162,0.25268870000000004
1123,B,BITF,BCHUSD,722.43,1533312846162,0.04991878
1124,B,BITF,BCHUSD,722.34,1533312846162,0.04991878
1125,B,BITF,BCHUSD,722.25,1533312846162,0.11598881
1126,B,BITF,BCHUSD,722.46,1533312858542,0.03148493
1127,B,BITF,BCHUSD,722.46,1533312858542,3.5
1128,B,BITF,BCHUSD,722.21,1533312858542,0.02
1129,B,BITF,BCHUSD,722.2,1533312858542,0.04991878
1130,B,BITF,BCHUSD,722.11,1533312858563,6.0
1131,B,BITF,BCHUSD,722.1,1533312858563,0.46806000000000003
1132,B,BITF,BCHUSD,722.08,1533312858563,0.02
1133,B,BITF,BCHUSD,722.04,1533312858563,0.04991878
1134,B,BITF,BCHUSD,722.04,1533312858563,0.25745617
1135,B,BITF,BCHUSD,722.0,1533312858563,0.8
1136,B,BITF,BCHUSD,721.9,1533312858563,0.05657519
1137,B,BITF,BCHUSD,721.9,1533312858563,6.9118
1138,B,BITF,BCHUSD,721.88,1533312858563,0.04991878
1139,B,BITF,BCHUSD,721.82,1533312858563,0.51491234
1140,B,GDAX,BCHUSD,723.86,1533312858568,0.03698127
1141,B,GDAX,BCHUSD,723.86,1533312858575,0.1
1142,B,GDAX,BCHUSD,723.86,1533312858575,0.16554973
1143,B,GDAX,BCHUSD,723.78,1533312858575,0.049869
1144,B,BITF,BCHUSD,721.82,1533312858584,3.57063156
1145,B,BITF,BCHUSD,721.79,1533312858584,0.69932347
1146,B,BITF,BCHUSD,722.08,1533312862117,2.0
1147,B,GDAX,BCHUSD,723.05,1533312867531,0.0673
1148,B,BITF,BCHUSD,721.82,1533312885034,0.02
1149,B,BITF,BCHUSD,721.7,1533312885741,0.02
1150,B,GDAX,BCHUSD,723.05,1533312886516,0.40882927
1151,B,BITF,BCHUSD,721.52,1533312910316,0.68905165
1152,B,BITF,BCHUSD,721.18,1533312910316,0.31094835
1153,B,BITF,BCHUSD,721.18,1533312911023,0.05
1154,B,GDAX,BCHUSD,723.05,1533312914554,0.33498224
1155,B,GDAX,BCHUSD,723.05,1533312914577,0.0338
1156,B,GDAX,BCHUSD,723.05,1533312914833,0.15508849
1157,B,GDAX,BCHUSD,723.05,1533312914833,0.16554973
1158,B,GDAX,BCHUSD,722.74,1533312914834,0.05
1159,B,GDAX,BCHUSD,722.02,1533312914834,3.62934741
1160,B,BITS,BCHUSD,720.67,1533312916570,0.03270542
1161,B,BITF,BCHUSD,721.19,1533312924063,0.02
1162,B,BITF,BCHUSD,721.19,1533312924064,1.8
1163,B,BITF,BCHUSD,721.19,1533312924064,0.18
1164,B,GDAX,BCHUSD,721.99,1533312971358,0.30129
1165,B,GDAX,BCHUSD,721.99,1533312971358,0.16554973
1166,B,GDAX,BCHUSD,721.77,1533312971358,0.05
1167,B,GDAX,BCHUSD,721.5,1533312971358,0.36316027
1168,B,GDAX,BCHUSD,721.48,1533312982863,0.1534
1169,B,BITF,BCHUSD,721.14,1533312990098,0.02
1170,B,BITF,BCHUSD,721.13,1533312990098,0.32
1171,B,BITF,BCHUSD,721.12,1533312990098,3.18601735
1172,B,GDAX,BCHUSD,721.48,1533313003996,0.6480600000000001
1173,B,GDAX,BCHUSD,721.48,1533313003998,0.05
1174,B,GDAX,BCHUSD,720.98,1533313003998,0.66074
1175,B,GDAX,BCHUSD,720.98,1533313017422,0.01342075
1176,B,BITF,BCHUSD,721.12,1533313028775,0.6107
1177,B,BITF,BCHUSD,721.12,1533313032207,0.19
1178,B,BITF,BCHUSD,721.12,1533313041412,5.0
1179,B,BITS,BCHUSD,720.13,1533313065050,0.09
1180,B,BITF,BCHUSD,721.44,1533313087490,0.3556
1181,B,BITF,BCHUSD,721.44,1533313091184,0.3951
1182,B,BITF,BCHUSD,721.44,1533313095234,0.36
1183,B,BITF,BCHUSD,721.44,1533313096499,0.08
1184,B,BITF,BCHUSD,721.44,1533313098808,0.0719
1185,B,BITF,BCHUSD,721.44,1533313102450,0.7348
1186,B,BITF,BCHUSD,721.44,1533313107678,0.0026
1187,B,BITF,BCHUSD,721.44,1533313107678,0.2376
1188,B,BITF,BCHUSD,721.44,1533313111264,0.02805523
1189,B,BITF,BCHUSD,721.44,1533313111264,0.02805523
1190,B,BITF,BCHUSD,721.44,1533313111287,0.59448954
1191,B,BITF,BCHUSD,721.44,1533313118121,0.02805523
1192,B,BITF,BCHUSD,721.44,1533313118121,0.02805523
1193,B,BITF,BCHUSD,721.44,1533313118121,0.32278954
1194,B,BITF,BCHUSD,721.44,1533313121940,0.3452
1195,B,BITF,BCHUSD,721.44,1533313128086,0.3145
1196,B,BITF,BCHUSD,721.36,1533313154136,0.33285717
1197,B,BITF,BCHUSD,721.34,1533313165538,0.02326616
1198,B,BITF,BCHUSD,721.32,1533313165559,2.0
1199,B,BITF,BCHUSD,721.12,1533313165559,1.01328265
1200,B,BITF,BCHUSD,721.12,1533313165559,1.2241
1201,B,GDAX,BCHUSD,720.98,1533313166989,1.24
1202,B,GDAX,BCHUSD,720.98,1533313189505,0.04135831
1203,B,GDAX,BCHUSD,720.98,1533313201605,0.13380726
1204,B,BITF,BCHUSD,720.87,1533313206161,0.02693302
1205,B,BITF,BCHUSD,720.87,1533313206161,0.02693302
1206,B,BITF,BCHUSD,720.86,1533313206161,0.02113396
1207,B,GDAX,BCHUSD,720.98,1533313222910,0.41819126
1208,B,BITF,BCHUSD,720.87,1533313230479,0.02693302
1209,B,BITF,BCHUSD,720.86,1533313230479,1.65799704
1210,B,BITF,BCHUSD,720.8,1533313230504,0.2
1211,B,BITF,BCHUSD,720.49,1533313230504,3.11506994
1212,B,BITF,BCHUSD,720.39,1533313231715,0.02
1213,B,GDAX,BCHUSD,720.98,1533313235165,0.2455
1214,B,BITF,BCHUSD,720.67,1533313267316,0.0615
1215,B,BITF,BCHUSD,720.67,1533313273906,2.0
1216,B,BITF,BCHUSD,720.67,1533313273906,2.7
1217,B,BITF,BCHUSD,720.67,1533313273906,4.25
1218,B,BITF,BCHUSD,720.44,1533313273906,2.0
1219,B,BITF,BCHUSD,720.43,1533313273906,2.0
1220,B,BITF,BCHUSD,720.43,1533313273906,0.8
1221,B,BITF,BCHUSD,720.43,1533313273906,1.01128252
1222,B,BITF,BCHUSD,720.42,1533313273906,2.7
1223,B,BITF,BCHUSD,720.3,1533313273918,2.4354
1224,B,BITF,BCHUSD,720.28,1533313273918,0.10331748
1225,B,BITF,BCHUSD,720.28,1533313274685,0.05
1226,B,BITS,BCHUSD,720.22,1533313284504,2.0
1227,B,BITS,BCHUSD,719.84,1533313284584,0.02
1228,B,BITF,BCHUSD,720.3,1533313289845,2.2
1229,B,BITF,BCHUSD,720.3,1533313289845,1.2
1230,B,BITF,BCHUSD,720.28,1533313289845,1.34491252
1231,B,BITF,BCHUSD,720.28,1533313289873,0.41361000000000003
1232,B,BITF,BCHUSD,720.28,1533313289873,2.7
1233,B,BITF,BCHUSD,720.28,1533313289873,2.0
1234,B,BITF,BCHUSD,720.11,1533313289873,0.11455065
1235,B,BITF,BCHUSD,720.1,1533313289874,0.02692683
1236,B,BITF,BCHUSD,720.22,1533313375681,0.10871806
1237,B,GDAX,BCHUSD,720.98,1533313416610,0.0564
1238,B,GDAX,BCHUSD,720.98,1533313461995,0.1339
1239,B,GDAX,BCHUSD,720.98,1533313480317,3.45084317
1240,B,GDAX,BCHUSD,720.98,1533313480317,0.32113618
1241,B,GDAX,BCHUSD,720.98,1533313480317,0.11208743
1242,B,GDAX,BCHUSD,720.98,1533313481036,0.06085017
1243,B,GDAX,BCHUSD,720.98,1533313481039,0.17344414
1244,B,GDAX,BCHUSD,720.98,1533313498489,0.16149203
1245,B,GDAX,BCHUSD,720.98,1533313498490,0.17705517
1246,B,GDAX,BCHUSD,720.98,1533313498497,0.18137358
1247,B,GDAX,BCHUSD,720.98,1533313498497,0.18590792
1248,B,GDAX,BCHUSD,720.98,1533313498497,0.19067479
1249,B,GDAX,BCHUSD,720.98,1533313498504,0.19569255
1250,B,GDAX,BCHUSD,720.98,1533313498504,0.20098154
1251,B,GDAX,BCHUSD,720.28,1533313498504,0.020877
1252,B,GDAX,BCHUSD,720.07,1533313498504,0.68594542
1253,B,BITF,BCHUSD,720.32,1533313507178,0.02612503
1254,B,BITF,BCHUSD,720.31,1533313507200,0.02987497
1255,B,GDAX,BCHUSD,720.11,1533313579413,0.03880732
1256,B,GDAX,BCHUSD,720.11,1533313611781,0.05
1257,B,GDAX,BCHUSD,720.11,1533313611782,0.16140438
1258,B,GDAX,BCHUSD,720.11,1533313611783,1.5
1259,B,GDAX,BCHUSD,720.06,1533313611784,4.0
1260,B,GDAX,BCHUSD,720.05,1533313611785,8.55223001
1261,B,GDAX,BCHUSD,720.02,1533313611786,15.0
1262,B,GDAX,BCHUSD,720.0,1533313611794,2.0
1263,B,GDAX,BCHUSD,720.0,1533313611794,1.0
1264,B,GDAX,BCHUSD,719.79,1533313611794,10.359000000000002
1265,B,GDAX,BCHUSD,719.55,1533313611794,5.0
1266,B,GDAX,BCHUSD,719.55,1533313611795,2.0
1267,B,GDAX,BCHUSD,719.46,1533313611795,6.272
1268,B,GDAX,BCHUSD,719.36,1533313611795,0.9
1269,B,GDAX,BCHUSD,719.28,1533313611795,0.3
1270,B,GDAX,BCHUSD,719.16,1533313611796,7.877000000000001
1271,B,GDAX,BCHUSD,719.1,1533313611797,3.0
1272,B,GDAX,BCHUSD,719.09,1533313611799,10.0
1273,B,GDAX,BCHUSD,719.04,1533313611799,1.0
1274,B,GDAX,BCHUSD,719.0,1533313611805,0.027816000000000004
1275,B,GDAX,BCHUSD,719.0,1533313611805,10.16111366
1276,B,GDAX,BCHUSD,719.0,1533313611805,4.5
1277,B,GDAX,BCHUSD,719.0,1533313611807,1.9
1278,B,GDAX,BCHUSD,719.0,1533313611807,0.9
1279,B,GDAX,BCHUSD,718.94,1533313611808,3.53943595
1280,B,GDAX,BCHUSD,718.94,1533313611811,3.07456405
1281,B,GDAX,BCHUSD,718.88,1533313611811,0.5
1282,B,GDAX,BCHUSD,718.79,1533313611812,0.2544
1283,B,GDAX,BCHUSD,718.75,1533313611812,4.37103595
1284,B,GDAX,BCHUSD,719.94,1533313700521,1.2990000000000002
1285,B,GDAX,BCHUSD,720.11,1533313865227,0.05
1286,B,GDAX,BCHUSD,720.11,1533313865229,0.0499
1287,B,GDAX,BCHUSD,720.11,1533313866208,0.28743803
1288,B,GDAX,BCHUSD,720.11,1533313866208,0.17653604
1289,B,GDAX,BCHUSD,720.11,1533313866208,1.7454900000000002
1290,B,GDAX,BCHUSD,720.11,1533313866209,1.5
1291,B,GDAX,BCHUSD,720.11,1533313866209,0.01
1292,B,GDAX,BCHUSD,720.11,1533313866209,0.18223075
1293,B,GDAX,BCHUSD,720.11,1533313866209,2.0
1294,B,GDAX,BCHUSD,720.11,1533313866209,3.098545
1295,B,GDAX,BCHUSD,720.11,1533313888448,0.9014549999999999
1296,B,GDAX,BCHUSD,720.11,1533313888449,0.05
1297,B,GDAX,BCHUSD,720.11,1533313888450,0.04854577
1298,B,BITF,BCHUSD,721.34,1533313900425,0.096
1299,B,BITF,BCHUSD,721.37,1533313912852,0.02
1300,B,BITF,BCHUSD,721.37,1533313917913,0.0716
1301,B,GDAX,BCHUSD,720.11,1533313923135,0.0998
1302,B,GDAX,BCHUSD,720.11,1533313939778,0.90326397
1303,B,BITS,BCHUSD,720.91,1533313966269,0.63
1304,B,BITF,BCHUSD,721.55,1533313987454,0.06
1305,B,BITF,BCHUSD,721.49,1533313991900,0.02
1306,B,BITF,BCHUSD,721.49,1533313992840,0.095
1307,B,BITF,BCHUSD,721.39,1533313992841,0.319
1308,B,BITF,BCHUSD,721.55,1533313996391,0.02566378
1309,B,BITF,BCHUSD,721.39,1533313996391,0.33903
1310,B,GDAX,BCHUSD,720.79,1533314002782,0.05
1311,B,GDAX,BCHUSD,720.79,1533314002782,0.0534
1312,B,GDAX,BCHUSD,720.79,1533314055157,0.02996433
1313,B,BITF,BCHUSD,721.56,1533314068034,0.4426
1314,B,BITF,BCHUSD,721.56,1533314074246,0.4032
1315,B,BITF,BCHUSD,721.56,1533314076420,0.3674
1316,B,BITF,BCHUSD,721.56,1533314077433,0.753
1317,B,BITF,BCHUSD,721.56,1533314081185,0.2678
1318,B,BITF,BCHUSD,721.6,1533314088222,0.023
1319,B,GDAX,BCHUSD,720.79,1533314138071,0.05
1320,B,GDAX,BCHUSD,720.79,1533314138072,0.07
1321,B,GDAX,BCHUSD,720.79,1533314192331,0.44279097
1322,B,GDAX,BCHUSD,720.79,1533314192331,1.03417
1323,B,GDAX,BCHUSD,720.79,1533314192332,0.18344624
1324,B,GDAX,BCHUSD,720.79,1533314192334,0.19050186
1325,B,GDAX,BCHUSD,720.79,1533314192334,0.05
1326,B,GDAX,BCHUSD,720.79,1533314192343,0.9259999999999999
1327,B,GDAX,BCHUSD,720.79,1533314192343,1.5
1328,B,GDAX,BCHUSD,720.56,1533314192343,4.0
1329,B,GDAX,BCHUSD,720.55,1533314192343,3.9330000000000003
1330,B,GDAX,BCHUSD,720.36,1533314192343,4.13110613
1331,B,GDAX,BCHUSD,720.32,1533314192343,4.849
1332,B,GDAX,BCHUSD,720.31,1533314192343,10.331
1333,B,GDAX,BCHUSD,720.14,1533314192343,0.682932
1334,B,GDAX,BCHUSD,720.13,1533314192344,5.0
1335,B,GDAX,BCHUSD,720.12,1533314192344,208.0
1336,B,GDAX,BCHUSD,720.11,1533314192344,1.5
1337,B,GDAX,BCHUSD,719.94,1533314192348,0.9
1338,B,GDAX,BCHUSD,719.85,1533314192348,4.643
1339,B,GDAX,BCHUSD,719.74,1533314192354,4.0030528
1340,B,BITF,BCHUSD,721.82,1533314193261,3.04412186
1341,B,BITF,BCHUSD,721.82,1533314194111,0.70587814
1342,B,BITF,BCHUSD,721.82,1533314194111,1.287734
1343,B,BITF,BCHUSD,721.82,1533314194112,0.02540714
1344,B,BITF,BCHUSD,721.64,1533314195617,3.04398072
1345,B,BITF,BCHUSD,721.6,1533314275483,0.33259424
1346,B,BITF,BCHUSD,721.6,1533314277626,0.077
1347,B,BITF,BCHUSD,721.6,1533314279054,0.33259424
1348,B,GDAX,BCHUSD,720.78,1533314287298,0.05
1349,B,GDAX,BCHUSD,720.78,1533314287299,0.01389391
1350,B,GDAX,BCHUSD,720.78,1533314287301,0.16942956
1351,B,GDAX,BCHUSD,720.29,1533314287302,0.86007653
1352,B,BITF,BCHUSD,721.6,1533314287741,0.86007653
1353,B,BITF,BCHUSD,721.6,1533314317720,0.063
1354,B,BITF,BCHUSD,721.6,1533314342357,0.99920896
1355,B,BITF,BCHUSD,721.6,1533314346324,2.31252603
1356,B,BITF,BCHUSD,721.6,1533314346324,0.68514246
1357,B,BITF,BCHUSD,721.6,1533314349561,0.41100000000000003
1358,B,BITF,BCHUSD,721.6,1533314350334,0.99930604
1359,B,BITF,BCHUSD,721.6,1533314353467,0.99778271
1360,B,BITF,BCHUSD,721.6,1533314356645,0.33311126
1361,B,BITF,BCHUSD,721.6,1533314360327,0.99950025
1362,B,BITF,BCHUSD,721.6,1533314360371,0.99950025
1363,B,BITF,BCHUSD,721.6,1533314366315,0.33312976
1364,B,BITF,BCHUSD,721.6,1533314367130,0.99938927
1365,B,BITF,BCHUSD,721.6,1533314368995,0.14213800000000001
1366,B,BITF,BCHUSD,721.6,1533314368995,0.19059918
1367,B,BITF,BCHUSD,721.6,1533314370833,0.33312976
1368,B,BITF,BCHUSD,721.6,1533314370880,0.33312976
1369,B,GDAX,BCHUSD,720.32,1533314372978,0.02
1370,B,BITF,BCHUSD,721.6,1533314381349,0.33313438
1371,B,BITF,BCHUSD,721.6,1533314381368,0.33313438
1372,B,BITF,BCHUSD,721.6,1533314384402,0.03425754
1373,B,BITF,BCHUSD,721.6,1533314384403,0.024899
1374,B,BITF,BCHUSD,721.56,1533314384403,0.94027434
1375,B,BITF,BCHUSD,721.6,1533314386092,0.024899
1376,B,BITF,BCHUSD,721.56,1533314386092,0.08614888
1377,B,BITF,BCHUSD,721.56,1533314387243,0.33314363
1378,B,BITF,BCHUSD,721.56,1533314393337,0.11105867
1379,B,BITF,BCHUSD,721.56,1533314393367,0.99952801
1380,B,BITF,BCHUSD,721.56,1533314395559,0.27484025
1381,B,BITF,BCHUSD,721.35,1533314395559,0.05836351
1382,B,BITF,BCHUSD,721.35,1533314402874,0.20033337
1383,B,BITS,BCHUSD,720.7,1533314413126,0.34
1384,B,GDAX,BCHUSD,720.31,1533314416084,0.05
1385,B,GDAX,BCHUSD,720.31,1533314416085,0.0909
1386,B,GDAX,BCHUSD,720.31,1533314456557,0.04466613
1387,B,GDAX,BCHUSD,720.31,1533314484455,0.21099433
1388,B,GDAX,BCHUSD,720.31,1533314484458,0.09900567
1389,B,BITS,BCHUSD,719.85,1533314499229,1.0
1390,B,BITF,BCHUSD,721.35,1533314499377,0.33327779
1391,B,BITF,BCHUSD,721.35,1533314501408,0.33318526
1392,B,GDAX,BCHUSD,720.31,1533314509993,0.11718852
1393,B,BITF,BCHUSD,721.35,1533314590918,0.087
1394,B,GDAX,BCHUSD,720.31,1533314635771,0.4
1395,B,GDAX,BCHUSD,720.31,1533314643956,0.59575581
1396,B,GDAX,BCHUSD,720.31,1533314643956,0.05
1397,B,GDAX,BCHUSD,720.31,1533314643956,0.06242616
1398,B,GDAX,BCHUSD,720.31,1533314648287,0.0677
1399,B,BITF,BCHUSD,721.35,1533314707934,0.05
1400,B,BITF,BCHUSD,721.35,1533314771494,0.05
1401,B,BITS,BCHUSD,721.6,1533314790305,0.0412
1402,B,GDAX,BCHUSD,720.31,1533314816682,0.03931107
1403,B,GDAX,BCHUSD,720.31,1533314853560,0.1386
1404,B,GDAX,BCHUSD,720.31,1533314949937,0.08386936
1405,B,GDAX,BCHUSD,720.31,1533315036774,0.0546
1406,B,GDAX,BCHUSD,720.31,1533315058154,0.76672341
1407,B,GDAX,BCHUSD,720.31,1533315058154,1.21323
1408,B,GDAX,BCHUSD,720.31,1533315058154,0.18123713
1409,B,GDAX,BCHUSD,720.31,1533315058155,1.1738
1410,B,GDAX,BCHUSD,720.31,1533315058155,1.17353
1411,B,GDAX,BCHUSD,720.31,1533315058155,0.17751597
1412,B,GDAX,BCHUSD,720.31,1533315058155,1.13539
1413,B,GDAX,BCHUSD,720.31,1533315058155,0.18685891
1414,B,GDAX,BCHUSD,720.31,1533315058155,1.0979700000000001
1415,B,GDAX,BCHUSD,720.31,1533315058155,0.19723996
1416,B,GDAX,BCHUSD,720.31,1533315058155,0.22189496
1417,B,GDAX,BCHUSD,720.31,1533315058162,1.0
1418,B,GDAX,BCHUSD,720.31,1533315058165,0.21899999999999997
1419,B,GDAX,BCHUSD,720.31,1533315058165,0.03711628
1420,B,BITS,BCHUSD,721.6,1533315058905,0.49243728
1421,B,BITS,BCHUSD,719.94,1533315061028,0.51
1422,B,GDAX,BCHUSD,720.31,1533315082279,0.19957168
1423,B,GDAX,BCHUSD,720.31,1533315082281,0.25359424
1424,B,GDAX,BCHUSD,720.31,1533315082283,0.27310149
1425,B,GDAX,BCHUSD,720.31,1533315082283,0.17277556
1426,B,GDAX,BCHUSD,720.31,1533315114888,0.0382
1427,B,GDAX,BCHUSD,720.31,1533315125875,0.0207
1428,B,BITF,BCHUSD,721.47,1533315147262,0.33297262
1429,B,BITF,BCHUSD,721.46,1533315262408,0.1
1430,B,GDAX,BCHUSD,720.31,1533315318332,0.0324
1431,B,GDAX,BCHUSD,720.31,1533315328752,0.03178438
1432,B,GDAX,BCHUSD,720.31,1533315328753,0.3227563
1433,B,GDAX,BCHUSD,720.31,1533315328760,0.16494132
1434,B,GDAX,BCHUSD,720.31,1533315328789,6.44223579
1435,B,GDAX,BCHUSD,720.31,1533315358506,0.02719376
1436,B,GDAX,BCHUSD,720.31,1533315454481,1.41637789
1437,B,BITF,BCHUSD,721.54,1533315471558,0.17800000000000002
1438,B,GDAX,BCHUSD,720.31,1533315497897,0.87389789
1439,B,BITF,BCHUSD,721.98,1533315603136,0.08919748
1440,B,BITF,BCHUSD,721.98,1533315603955,0.11602461
1441,B,BITF,BCHUSD,721.98,1533315604221,0.05731274
1442,B,GDAX,BCHUSD,720.31,1533315648129,0.01393872
1443,B,BITF,BCHUSD,721.94,1533315725726,0.06837724
1444,B,BITS,BCHUSD,721.99,1533315728141,0.0200815
1445,B,BITS,BCHUSD,722.46,1533315728296,0.82232926
1446,B,BITF,BCHUSD,721.94,1533315742868,0.021
1447,B,BITF,BCHUSD,721.94,1533315766058,0.3325712
1448,B,BITF,BCHUSD,721.94,1533315772084,0.02440102
1449,B,BITF,BCHUSD,721.89,1533315772084,0.00759898
1450,B,BITF,BCHUSD,721.94,1533315779184,0.046
1451,B,BITF,BCHUSD,721.94,1533315779227,0.047
1452,B,GDAX,BCHUSD,720.31,1533315788414,0.18487542
1453,B,GDAX,BCHUSD,720.31,1533315788416,0.22721616
1454,B,GDAX,BCHUSD,720.31,1533315788417,0.73801
1455,B,GDAX,BCHUSD,720.31,1533315788419,0.05
1456,B,GDAX,BCHUSD,720.31,1533315788419,0.12198842
1457,B,GDAX,BCHUSD,720.31,1533315812384,0.01
1458,B,GDAX,BCHUSD,720.31,1533315812626,0.0125
1459,B,GDAX,BCHUSD,720.31,1533315827767,0.08371605
1460,B,BITF,BCHUSD,721.89,1533315876834,0.02440102
1461,B,BITF,BCHUSD,721.89,1533315876857,0.01429898
1462,B,BITF,BCHUSD,721.93,1533315941161,0.092
1463,B,GDAX,BCHUSD,720.31,1533315942786,0.09905004
1464,B,BITF,BCHUSD,722.07,1533315980784,0.19676117
1465,B,BITF,BCHUSD,722.78,1533315997481,1.87
1466,B,GDAX,BCHUSD,721.0,1533316026922,1.0071
1467,B,BITF,BCHUSD,723.04,1533316053600,0.43224365
1468,B,BITF,BCHUSD,723.05,1533316060580,0.02383701
1469,B,BITF,BCHUSD,723.05,1533316060580,0.02316299
1470,B,GDAX,BCHUSD,721.0,1533316080566,0.01589344
1471,B,BITF,BCHUSD,723.06,1533316084210,0.1
1472,B,BITF,BCHUSD,723.06,1533316084236,0.08765035
1473,B,BITF,BCHUSD,723.06,1533316115940,0.02359864
1474,B,BITF,BCHUSD,722.84,1533316116034,0.00240136
1475,B,BITF,BCHUSD,722.84,1533316119580,0.1734513
1476,B,BITF,BCHUSD,722.84,1533316127863,0.073
1477,B,BITF,BCHUSD,722.84,1533316127980,0.096
1478,B,BITF,BCHUSD,722.85,1533316140075,0.03582399
1479,B,BITF,BCHUSD,722.85,1533316179939,0.02359864
1480,B,BITF,BCHUSD,722.85,1533316179939,0.23450136
1481,B,BITF,BCHUSD,722.85,1533316179939,0.5162
1482,B,GDAX,BCHUSD,721.0,1533316182070,0.47700656
1483,B,GDAX,BCHUSD,721.0,1533316182072,0.19665008
1484,B,GDAX,BCHUSD,721.0,1533316182073,0.12402597
1485,B,GDAX,BCHUSD,721.0,1533316182076,1.32484403
1486,B,GDAX,BCHUSD,721.0,1533316185089,2.2
1487,B,GDAX,BCHUSD,721.0,1533316185090,5.05
1488,B,GDAX,BCHUSD,721.0,1533316185092,6.72300544
1489,B,BITF,BCHUSD,722.85,1533316219556,0.07772426
1490,B,BITF,BCHUSD,722.85,1533316219942,0.05346602
1491,B,BITF,BCHUSD,722.91,1533316219969,0.1232009
1492,B,GDAX,BCHUSD,721.98,1533316357254,0.43786682
1493,B,GDAX,BCHUSD,722.95,1533316465357,0.02
1494,B,BITF,BCHUSD,723.27,1533316478113,0.33227651
1495,B,GDAX,BCHUSD,722.23,1533316490598,0.01
1496,B,GDAX,BCHUSD,722.23,1533316490705,0.39026
1497,B,GDAX,BCHUSD,722.52,1533316582938,1.5
1498,B,GDAX,BCHUSD,722.44,1533316582938,0.19446785
1499,B,BITF,BCHUSD,723.27,1533316590491,2.98781049
1500,B,BITF,BCHUSD,723.27,1533316590491,0.5
1501,B,BITF,BCHUSD,723.27,1533316590491,1.05764951
1502,B,BITF,BCHUSD,723.27,1533316590914,0.06234561
1503,B,GDAX,BCHUSD,722.25,1533316596506,0.03406936
1504,B,GDAX,BCHUSD,722.25,1533316609267,0.0341
1505,B,BITF,BCHUSD,723.27,1533316657552,0.89919488
1506,B,BITF,BCHUSD,723.27,1533316657572,0.04625332
1507,B,BITF,BCHUSD,723.27,1533316661324,0.05374668
1508,B,BITF,BCHUSD,723.27,1533316661324,0.02312666
1509,B,BITF,BCHUSD,723.24,1533316669445,1.94480972
1510,B,GDAX,BCHUSD,722.12,1533316680542,0.0323
1511,B,BITF,BCHUSD,722.79,1533316703607,0.057999999999999996
1512,B,BITF,BCHUSD,722.71,1533316703608,0.93314
1513,B,BITF,BCHUSD,722.6,1533316703608,0.02
1514,B,BITF,BCHUSD,722.49,1533316703619,3.23886
1515,B,GDAX,BCHUSD,722.0,1533316736896,0.01
1516,B,GDAX,BCHUSD,721.7,1533316736901,0.05
1517,B,GDAX,BCHUSD,721.65,1533316736901,4.0
1518,B,GDAX,BCHUSD,721.53,1533316736901,0.94
1519,B,BITF,BCHUSD,723.1,1533316737220,0.93997349
1520,B,GDAX,BCHUSD,721.53,1533316748236,0.03229511
1521,B,GDAX,BCHUSD,721.53,1533316778121,0.27858166
1522,B,BITF,BCHUSD,722.99,1533316778498,0.27858166
1523,B,GDAX,BCHUSD,721.53,1533316805115,0.175
1524,B,BITF,BCHUSD,722.99,1533316805535,0.175
1525,B,BITF,BCHUSD,722.99,1533316805958,0.07084316
1526,B,BITF,BCHUSD,722.99,1533316806449,0.14150558
1527,B,GDAX,BCHUSD,721.53,1533316819764,0.2726
1528,B,BITF,BCHUSD,722.99,1533316820186,0.2726
1529,B,BITF,BCHUSD,722.99,1533316820710,0.5534
1530,B,BITF,BCHUSD,722.99,1533316831686,2.96663474
1531,B,BITF,BCHUSD,722.99,1533316835560,0.022000000000000002
1532,B,BITF,BCHUSD,722.79,1533316843866,0.052000000000000005
1533,B,BITF,BCHUSD,722.79,1533316844472,0.048
1534,B,BITF,BCHUSD,722.79,1533316844492,0.1
1535,B,BITF,BCHUSD,722.79,1533316844492,0.0767
1536,B,BITF,BCHUSD,722.79,1533316844492,0.1
1537,B,BITF,BCHUSD,722.79,1533316844492,0.0893
1538,B,BITF,BCHUSD,722.79,1533316853255,0.0107
1539,B,BITF,BCHUSD,722.79,1533316853256,0.0767
1540,B,BITF,BCHUSD,722.53,1533316853256,0.7934
1541,B,BITF,BCHUSD,722.22,1533316853256,0.55401316
1542,B,BITF,BCHUSD,722.23,1533316915255,0.44733272
1543,B,BITF,BCHUSD,722.23,1533316915255,0.2
1544,B,BITF,BCHUSD,722.22,1533316915255,2.85366728
1545,B,BITF,BCHUSD,722.22,1533316919628,0.20793000000000003
1546,B,BITF,BCHUSD,722.22,1533316920001,0.20769
1547,B,GDAX,BCHUSD,721.74,1533316923768,0.0478
1548,B,BITF,BCHUSD,722.22,1533316970743,0.99861304
1549,B,GDAX,BCHUSD,721.52,1533316972585,0.05
1550,B,GDAX,BCHUSD,721.52,1533316972585,0.060489999999999995
1551,B,GDAX,BCHUSD,721.52,1533316972585,0.38950999999999997
1552,B,GDAX,BCHUSD,721.52,1533317029799,0.08690872
1553,B,BITS,BCHUSD,721.52,1533317119916,1.865
1554,B,BITS,BCHUSD,720.88,1533317121338,6.135
1555,B,BITF,BCHUSD,722.23,1533317128080,0.022675400000000002
1556,B,BITF,BCHUSD,722.22,1533317128081,0.23983388
1557,B,BITF,BCHUSD,722.07,1533317128081,0.07007113
1558,B,BITF,BCHUSD,722.23,1533317128631,0.022675400000000002
1559,B,GDAX,BCHUSD,721.98,1533317166421,0.1093
1560,B,GDAX,BCHUSD,721.98,1533317181455,0.02767247
1561,B,GDAX,BCHUSD,721.98,1533317182127,0.69602006
1562,B,GDAX,BCHUSD,721.98,1533317233319,0.0265
1563,B,GDAX,BCHUSD,721.98,1533317245040,0.6961
1564,B,GDAX,BCHUSD,721.98,1533317268103,0.0199
1565,B,GDAX,BCHUSD,721.98,1533317337469,0.11970153
1566,B,GDAX,BCHUSD,721.98,1533317354733,0.401
1567,B,BITF,BCHUSD,722.07,1533317359574,0.02992887
1568,B,BITF,BCHUSD,722.07,1533317359574,0.02307113
1569,B,GDAX,BCHUSD,721.98,1533317389799,0.401
1570,B,GDAX,BCHUSD,721.98,1533317405496,0.10055986
1571,B,GDAX,BCHUSD,721.53,1533317405496,0.47064014
1572,B,BITF,BCHUSD,722.08,1533317407297,0.02222189
1573,B,BITF,BCHUSD,722.07,1533317407297,0.03352947
1574,B,GDAX,BCHUSD,721.53,1533317414684,0.5232318
1575,B,GDAX,BCHUSD,721.38,1533317414684,0.05
1576,B,GDAX,BCHUSD,721.25,1533317414684,0.15490401
1577,B,BITF,BCHUSD,722.35,1533317544317,0.081
1578,B,GDAX,BCHUSD,721.16,1533317547891,0.05
1579,B,GDAX,BCHUSD,721.11,1533317547892,0.05
1580,B,GDAX,BCHUSD,721.0,1533317547892,0.03317929
1581,B,GDAX,BCHUSD,720.9,1533317547895,0.07224693
1582,B,GDAX,BCHUSD,720.73,1533317547895,0.56057378
1583,B,BITF,BCHUSD,722.35,1533317549927,0.02967834
1584,B,BITF,BCHUSD,722.35,1533317549927,0.02199967
1585,B,BITF,BCHUSD,722.07,1533317549942,0.043399400000000005
1586,B,BITF,BCHUSD,722.07,1533317549942,0.02492259
1587,B,BITF,BCHUSD,722.07,1533317586014,0.05207741
1588,B,BITF,BCHUSD,722.07,1533317586051,0.00892259
1589,B,GDAX,BCHUSD,720.73,1533317590545,0.05
1590,B,GDAX,BCHUSD,720.73,1533317590546,0.75
1591,B,GDAX,BCHUSD,720.73,1533317590549,1.5
1592,B,GDAX,BCHUSD,720.52,1533317590581,2.0998897999999997
1593,B,GDAX,BCHUSD,720.52,1533317623620,0.70797556
1594,B,GDAX,BCHUSD,720.52,1533317627996,0.36999529
1595,B,GDAX,BCHUSD,720.52,1533317642221,0.82213935
1596,B,GDAX,BCHUSD,720.52,1533317642228,0.46108983
1597,B,GDAX,BCHUSD,720.52,1533317683248,0.0267
1598,B,BITF,BCHUSD,722.13,1533317697920,0.02
1599,B,GDAX,BCHUSD,720.52,1533317703341,1.01221017
1600,B,GDAX,BCHUSD,720.52,1533317703341,0.05
1601,B,GDAX,BCHUSD,720.52,1533317703341,0.30814297
1602,B,GDAX,BCHUSD,720.52,1533317705082,0.7739
1603,B,BITF,BCHUSD,722.24,1533317726455,0.33271873
1604,B,BITF,BCHUSD,722.35,1533317728259,0.33271873
1605,B,BITF,BCHUSD,722.35,1533317728327,0.99847456
1606,B,BITF,BCHUSD,722.28,1533317729739,0.087
1607,B,BITF,BCHUSD,722.24,1533317729975,0.02177967
1608,B,BITF,BCHUSD,722.24,1533317729975,0.07240389
1609,B,BITF,BCHUSD,722.13,1533317729975,0.2386413
1610,B,BITF,BCHUSD,722.14,1533317732868,0.02177967
1611,B,BITF,BCHUSD,722.07,1533317732879,0.02122033
1612,B,GDAX,BCHUSD,720.52,1533317732982,0.84958183
1613,B,BITF,BCHUSD,722.16,1533317737058,0.99847456
1614,B,BITF,BCHUSD,722.31,1533317739071,0.33282486
1615,B,BITF,BCHUSD,722.3,1533317741377,0.33282486
1616,B,BITF,BCHUSD,722.3,1533317741487,1.52
1617,B,BITF,BCHUSD,722.3,1533317743433,0.33282486
1618,B,BITF,BCHUSD,722.3,1533317744914,1.4
1619,B,BITF,BCHUSD,722.18,1533317744926,3.6
1620,B,BITF,BCHUSD,722.29,1533317747453,1.1
1621,B,BITF,BCHUSD,722.29,1533317747454,0.42
1622,B,BITF,BCHUSD,722.38,1533317752303,0.2
1623,B,GDAX,BCHUSD,721.24,1533317762673,0.05
1624,B,GDAX,BCHUSD,721.24,1533317762673,2.9130912999999996
1625,B,GDAX,BCHUSD,721.24,1533317762673,6.83
1626,B,GDAX,BCHUSD,721.24,1533317762673,2.0
1627,B,GDAX,BCHUSD,721.24,1533317762673,22.2069087
1628,B,BITF,BCHUSD,722.41,1533317777059,0.05708816
1629,B,BITF,BCHUSD,722.4,1533317777443,0.125
1630,B,BITF,BCHUSD,722.4,1533317777444,0.375
1631,B,BITF,BCHUSD,722.4,1533317777488,0.068
1632,B,BITF,BCHUSD,722.4,1533317777500,0.125
1633,B,BITF,BCHUSD,722.4,1533317777525,0.125
1634,B,BITF,BCHUSD,722.4,1533317779886,0.125
1635,B,GDAX,BCHUSD,721.33,1533317809824,0.0173
1636,B,BITF,BCHUSD,722.79,1533317827875,2.698
1637,B,BITF,BCHUSD,723.06,1533317842584,0.2
1638,B,GDAX,BCHUSD,721.98,1533317864337,0.02
1639,B,GDAX,BCHUSD,721.98,1533317864400,0.02
1640,B,BITF,BCHUSD,723.14,1533317865634,0.125
1641,B,BITF,BCHUSD,723.14,1533317865634,0.125
1642,B,BITF,BCHUSD,723.14,1533317865636,0.5
1643,B,BITF,BCHUSD,723.14,1533317865692,0.25
1644,B,BITF,BCHUSD,723.14,1533317866713,0.61570481
1645,B,BITF,BCHUSD,723.42,1533317952162,0.2
1646,B,GDAX,BCHUSD,721.98,1533317964202,0.49989708
1647,B,BITF,BCHUSD,723.73,1533317979676,2.0
1648,B,BITF,BCHUSD,723.72,1533318012164,0.02534408
1649,B,BITF,BCHUSD,723.72,1533318012170,0.10038849
1650,B,BITF,BCHUSD,723.72,1533318012524,0.06266144
1651,B,BITF,BCHUSD,723.72,1533318044996,0.18255526
1652,B,BITF,BCHUSD,723.72,1533318044996,0.02534408
1653,B,BITF,BCHUSD,723.72,1533318044996,1.99910066
1654,B,BITF,BCHUSD,723.49,1533318073306,0.1
1655,B,BITF,BCHUSD,723.49,1533318073307,0.956
1656,B,GDAX,BCHUSD,722.98,1533318087194,0.3531
1657,B,BITS,BCHUSD,724.99,1533318089204,0.01034312
1658,B,BITS,BCHUSD,725.99,1533318089861,5.9866527000000005
1659,B,BITF,BCHUSD,723.94,1533318090620,0.02
1660,B,BITF,BCHUSD,723.93,1533318090653,0.006
1661,B,BITS,BCHUSD,725.57,1533318091952,1.052
1662,B,GDAX,BCHUSD,722.98,1533318098793,0.7327
1663,B,BITF,BCHUSD,724.46,1533318132532,0.075
1664,B,BITF,BCHUSD,724.48,1533318134106,0.44137123
1665,B,BITF,BCHUSD,724.47,1533318134107,0.42262877
1666,B,BITF,BCHUSD,724.47,1533318135605,0.561
1667,B,GDAX,BCHUSD,724.98,1533318168232,2.0
1668,B,GDAX,BCHUSD,724.98,1533318204095,0.0867
1669,B,BITF,BCHUSD,724.61,1533318208984,2.0
1670,B,BITF,BCHUSD,724.61,1533318209041,2.54546
1671,B,BITS,BCHUSD,724.41,1533318209774,0.01032859
1672,B,GDAX,BCHUSD,724.98,1533318212685,0.02
1673,B,GDAX,BCHUSD,724.98,1533318212706,0.02
1674,B,BITF,BCHUSD,724.54,1533318218926,0.030837200000000002
1675,B,BITF,BCHUSD,724.53,1533318218926,0.041362800000000005
1676,B,BITF,BCHUSD,724.53,1533318218948,3.02e-05
1677,B,BITF,BCHUSD,724.52,1533318218948,0.9277698
1678,B,BITF,BCHUSD,724.5,1533318221431,0.02
1679,B,BITF,BCHUSD,724.5,1533318260776,1.13445007
1680,B,BITF,BCHUSD,724.5,1533318260776,1.338164
1681,B,BITF,BCHUSD,724.5,1533318260776,0.03052883
1682,B,GDAX,BCHUSD,724.98,1533318263862,0.53956468
1683,B,GDAX,BCHUSD,724.98,1533318263862,0.00393532
1684,B,BITF,BCHUSD,723.9,1533318297017,0.075
1685,B,GDAX,BCHUSD,724.98,1533318327974,0.41006468
1686,B,GDAX,BCHUSD,724.98,1533318327977,0.03302911
1687,B,GDAX,BCHUSD,724.44,1533318327977,0.05
1688,B,GDAX,BCHUSD,724.42,1533318327977,0.18454846
1689,B,BITF,BCHUSD,724.11,1533318379144,0.026000000000000002
1690,B,BITF,BCHUSD,724.53,1533318417781,0.1
1691,B,GDAX,BCHUSD,724.58,1533318427180,0.41100529999999996
1692,B,BITF,BCHUSD,724.56,1533318427860,0.03222354
1693,B,BITF,BCHUSD,724.56,1533318427860,0.56777646
1694,B,BITF,BCHUSD,724.78,1533318481731,0.3
1695,B,BITF,BCHUSD,726.0,1533318502416,0.35159
1696,B,BITF,BCHUSD,726.01,1533318503618,0.4119
1697,B,BITF,BCHUSD,726.01,1533318503790,0.6
1698,B,BITF,BCHUSD,726.0,1533318506251,0.1
1699,B,BITF,BCHUSD,726.0,1533318508739,0.3717
1700,B,BITF,BCHUSD,726.0,1533318510058,0.0916
1701,B,BITF,BCHUSD,726.0,1533318514994,0.3305
1702,B,BITF,BCHUSD,726.0,1533318515600,0.0916
1703,B,BITF,BCHUSD,726.0,1533318515961,0.3
1704,B,BITF,BCHUSD,726.0,1533318516292,0.02
1705,B,GDAX,BCHUSD,724.58,1533318518395,0.25754214
1706,B,GDAX,BCHUSD,724.58,1533318518397,0.44245786
1707,B,BITF,BCHUSD,726.0,1533318521764,0.2646
1708,B,BITF,BCHUSD,726.0,1533318521844,0.1
1709,B,BITF,BCHUSD,726.0,1533318522199,0.0916
1710,B,BITF,BCHUSD,726.0,1533318528865,0.9848
1711,B,BITF,BCHUSD,726.0,1533318529265,0.0916
1712,B,BITF,BCHUSD,726.0,1533318534494,0.1284
1713,B,BITF,BCHUSD,726.0,1533318534562,0.8517
1714,B,BITF,BCHUSD,726.0,1533318537932,0.0412
1715,B,BITF,BCHUSD,726.0,1533318538397,0.0916
1716,B,BITF,BCHUSD,726.0,1533318546142,0.0294
1717,B,BITF,BCHUSD,726.0,1533318546405,0.2
1718,B,BITF,BCHUSD,726.0,1533318546565,0.10167328
1719,B,BITF,BCHUSD,726.0,1533318546565,0.75022672
1720,B,BITF,BCHUSD,726.0,1533318557873,0.93663128
1721,B,BITF,BCHUSD,725.8,1533318557873,0.81316872
1722,B,BITF,BCHUSD,725.58,1533318569358,0.02
1723,B,BITF,BCHUSD,725.4,1533318569378,2.2864400000000002
1724,B,BITF,BCHUSD,725.32,1533318578737,0.3
1725,B,BITF,BCHUSD,725.29,1533318603342,0.04754134
1726,B,BITF,BCHUSD,725.29,1533318603531,0.09265445
1727,B,BITF,BCHUSD,725.29,1533318603627,0.2075
1728,B,GDAX,BCHUSD,724.58,1533318610015,0.01
1729,B,BITF,BCHUSD,725.29,1533318614809,0.02
1730,B,BITF,BCHUSD,725.29,1533318614809,3.5
1731,B,BITF,BCHUSD,725.29,1533318614809,6.48
1732,B,BITF,BCHUSD,725.29,1533318615540,0.52
1733,B,BITF,BCHUSD,725.29,1533318615540,3.4184
1734,B,BITF,BCHUSD,725.29,1533318615540,0.02
1735,B,GDAX,BCHUSD,724.58,1533318616761,0.1006
1736,B,BITF,BCHUSD,725.24,1533318635505,1.9528
1737,B,BITF,BCHUSD,725.24,1533318635506,0.0472
1738,B,BITS,BCHUSD,724.61,1533318679825,0.10285355
1739,B,BITS,BCHUSD,724.6,1533318679910,0.00714645
1740,B,BITF,BCHUSD,725.28,1533318681112,0.03
1741,B,BITF,BCHUSD,725.28,1533318681112,0.0019012999999999999
1742,B,BITF,BCHUSD,725.28,1533318681112,0.0280987
1743,B,BITF,BCHUSD,725.28,1533318682918,0.0038025999999999997
1744,B,BITF,BCHUSD,725.28,1533318682918,0.08519739999999999
1745,B,BITF,BCHUSD,725.28,1533318689831,0.1
1746,B,BITS,BCHUSD,724.6,1533318702243,0.1
1747,B,BITF,BCHUSD,725.28,1533318703471,0.0319013
1748,B,BITF,BCHUSD,725.2,1533318703509,0.9680986999999999
1749,B,BITF,BCHUSD,725.1,1533318713671,0.1
1750,B,BITF,BCHUSD,725.58,1533318734556,0.1
1751,B,BITS,BCHUSD,724.76,1533318746844,0.1
1752,B,BITS,BCHUSD,724.76,1533318758041,0.1
1753,B,GDAX,BCHUSD,724.58,1533318765988,0.03884417
1754,B,GDAX,BCHUSD,724.58,1533318773445,0.09985338
1755,B,BITF,BCHUSD,725.69,1533318775369,0.037000000000000005
1756,B,BITS,BCHUSD,724.77,1533318783326,0.1
1757,B,BITS,BCHUSD,724.77,1533318794290,0.1
1758,B,BITF,BCHUSD,725.69,1533318798698,0.092
1759,B,BITF,BCHUSD,725.69,1533318798858,0.084
1760,B,BITF,BCHUSD,725.69,1533318804185,0.03094426
1761,B,BITF,BCHUSD,725.69,1533318804205,0.96905574
1762,B,BITF,BCHUSD,725.69,1533318808369,0.1
1763,B,BITF,BCHUSD,725.69,1533318808892,0.094
1764,B,BITS,BCHUSD,724.78,1533318817876,0.1
1765,B,BITS,BCHUSD,724.78,1533318825750,0.61839627
1766,B,BITF,BCHUSD,725.69,1533318830261,0.97
1767,B,GDAX,BCHUSD,724.58,1533318839350,3.16070245
1768,B,GDAX,BCHUSD,724.58,1533318839354,1.97441404
1769,B,GDAX,BCHUSD,724.58,1533318839356,5.75
1770,B,GDAX,BCHUSD,724.58,1533318839356,0.05
1771,B,GDAX,BCHUSD,724.58,1533318839356,1.3656622
1772,B,BITF,BCHUSD,725.69,1533318842202,0.03094426
1773,B,BITF,BCHUSD,725.69,1533318842202,0.16905574
1774,B,GDAX,BCHUSD,724.55,1533318865370,0.010011
1775,B,GDAX,BCHUSD,724.55,1533318865371,0.23998899999999998
1776,B,BITS,BCHUSD,724.45,1533318865669,0.2
1777,B,BITS,BCHUSD,724.68,1533318883237,0.1
1778,B,BITS,BCHUSD,724.68,1533318890774,0.1
1779,B,BITS,BCHUSD,724.94,1533318900592,0.08
1780,B,BITF,BCHUSD,726.04,1533318911060,0.054000000000000006
1781,B,BITF,BCHUSD,726.04,1533318915203,0.03
1782,B,GDAX,BCHUSD,724.55,1533318919274,0.0309
1783,B,BITS,BCHUSD,724.98,1533318954805,0.08
1784,B,BITS,BCHUSD,724.98,1533318960350,0.08
1785,B,BITF,BCHUSD,726.04,1533318963191,0.085
1786,B,BITF,BCHUSD,726.04,1533318964783,0.08
1787,B,BITF,BCHUSD,726.04,1533318971634,0.08
1788,B,BITF,BCHUSD,726.04,1533318979023,0.08
1789,B,BITF,BCHUSD,726.04,1533318984772,0.08
1790,B,GDAX,BCHUSD,724.58,1533318988408,0.14146473
1791,B,BITS,BCHUSD,724.83,1533318990813,0.08
1792,B,BITF,BCHUSD,726.04,1533319018036,0.027000000000000003
1793,B,GDAX,BCHUSD,724.58,1533319028494,0.05
1794,B,GDAX,BCHUSD,724.58,1533319028494,0.94999618
1795,B,GDAX,BCHUSD,724.58,1533319028761,0.73179741
1796,B,BITF,BCHUSD,726.13,1533319057212,0.069
1797,B,BITF,BCHUSD,726.04,1533319128100,0.08
1798,B,GDAX,BCHUSD,724.58,1533319148687,0.01
1799,B,BITS,BCHUSD,724.7,1533319160063,2.20722066
1800,B,BITF,BCHUSD,726.04,1533319187852,0.02293561
1801,B,GDAX,BCHUSD,724.55,1533319227392,0.0659
1802,B,BITF,BCHUSD,726.04,1533319231500,0.23778291
1803,B,BITF,BCHUSD,726.04,1533319232776,0.33261995
1804,B,BITF,BCHUSD,726.04,1533319234289,0.09803009
1805,B,BITF,BCHUSD,726.04,1533319252776,0.16705014
1806,B,BITF,BCHUSD,726.04,1533319252909,0.2461513
1807,B,BITF,BCHUSD,726.04,1533319252909,0.01333343
1808,B,BITF,BCHUSD,726.04,1533319253136,0.83727757
1809,B,BITF,BCHUSD,726.04,1533319253136,0.03032243
1810,B,BITF,BCHUSD,725.71,1533319258972,0.02
1811,B,BITF,BCHUSD,725.7,1533319270218,0.68899
1812,B,BITF,BCHUSD,725.69,1533319270238,0.68001
1813,B,BITF,BCHUSD,725.69,1533319270303,5.6999999999999996e-05
1814,B,BITF,BCHUSD,725.63,1533319270303,0.7859430000000001
1815,B,GDAX,BCHUSD,724.55,1533319284317,0.663211
1816,B,GDAX,BCHUSD,724.55,1533319284317,0.05
1817,B,GDAX,BCHUSD,724.55,1533319284317,1.384089
1818,B,GDAX,BCHUSD,724.55,1533319289508,0.18512931
1819,B,BITF,BCHUSD,725.51,1533319322064,0.55
1820,B,BITF,BCHUSD,725.66,1533319331475,1.495
1821,B,GDAX,BCHUSD,724.55,1533319373619,0.85568625
1822,B,GDAX,BCHUSD,724.55,1533319373620,1.16988285
1823,B,GDAX,BCHUSD,724.55,1533319375990,0.21011715
1824,B,GDAX,BCHUSD,724.55,1533319375990,0.05
1825,B,GDAX,BCHUSD,724.5,1533319375990,0.73539245
1826,B,BITF,BCHUSD,725.7,1533319383360,3.75
1827,B,BITF,BCHUSD,725.5,1533319383360,0.64698
1828,B,BITF,BCHUSD,725.0,1533319383360,0.05
1829,B,BITF,BCHUSD,724.8,1533319407440,0.025
1830,B,BITF,BCHUSD,724.86,1533319413245,4.25
1831,B,BITF,BCHUSD,724.81,1533319413245,0.02941565
1832,B,BITF,BCHUSD,724.77,1533319413245,0.02941565
1833,B,BITF,BCHUSD,724.72,1533319413245,6.2441887000000005
1834,B,BITF,BCHUSD,724.72,1533319413245,0.6163
1835,B,GDAX,BCHUSD,724.5,1533319424657,0.16687353
1836,B,GDAX,BCHUSD,724.5,1533319445671,1.38705952
1837,B,BITF,BCHUSD,724.74,1533319499684,0.4
1838,B,BITF,BCHUSD,724.73,1533319499684,0.0769
1839,B,BITF,BCHUSD,724.69,1533319499684,0.0275
1840,B,BITS,BCHUSD,725.43,1533319508710,0.71
1841,B,BITS,BCHUSD,725.43,1533319512996,2.978
1842,B,BITS,BCHUSD,725.43,1533319527327,0.25
1843,B,BITF,BCHUSD,724.8,1533319535296,3.5
1844,B,BITF,BCHUSD,724.71,1533319535296,0.02882733
1845,B,BITF,BCHUSD,724.7,1533319535297,2.0
1846,B,BITF,BCHUSD,724.44,1533319535297,0.55183
1847,B,BITF,BCHUSD,724.39,1533319535297,1.07517093
1848,B,BITF,BCHUSD,724.27,1533319535298,2.84417174
1849,B,BITF,BCHUSD,724.28,1533319536351,0.055999999999999994
1850,B,BITF,BCHUSD,724.81,1533319541192,0.02
1851,B,BITF,BCHUSD,724.81,1533319631782,0.00882733
1852,B,BITF,BCHUSD,724.81,1533319631782,0.914399
1853,B,BITF,BCHUSD,724.26,1533319642073,0.0369
1854,B,GDAX,BCHUSD,724.5,1533319648991,7.7106745
1855,B,GDAX,BCHUSD,724.5,1533319648992,4.95528283
1856,B,GDAX,BCHUSD,724.5,1533319682950,0.01201127
1857,B,GDAX,BCHUSD,724.5,1533319699693,0.42522032
1858,B,BITF,BCHUSD,724.27,1533319716619,0.02825079
1859,B,BITF,BCHUSD,724.26,1533319716619,0.01074921
1860,B,GDAX,BCHUSD,724.5,1533319720250,0.20647485
1861,B,GDAX,BCHUSD,724.5,1533319732134,0.8
1862,B,BITF,BCHUSD,724.27,1533319782761,0.02825079
1863,B,BITF,BCHUSD,724.27,1533319782761,0.00772233
1864,B,BITF,BCHUSD,724.27,1533319806541,0.0893
1865,B,GDAX,BCHUSD,724.5,1533319812869,0.48040961
1866,B,GDAX,BCHUSD,724.5,1533319860983,1.0842
1867,B,BITF,BCHUSD,724.52,1533319947254,0.5206
1868,B,GDAX,BCHUSD,724.5,1533319986128,1.0
1869,B,BITF,BCHUSD,724.86,1533319992851,0.02768577
1870,B,BITF,BCHUSD,724.86,1533319992851,2.0
1871,B,BITF,BCHUSD,724.86,1533319992851,0.5
1872,B,BITF,BCHUSD,724.85,1533319992851,1.35360083
1873,B,BITF,BCHUSD,724.44,1533320020126,0.034
1874,B,GDAX,BCHUSD,724.5,1533320067936,0.011000000000000001
1875,B,BITF,BCHUSD,724.84,1533320074760,1.12
1876,B,GDAX,BCHUSD,724.5,1533320115375,0.02540112
1877,B,GDAX,BCHUSD,724.5,1533320115375,0.07459888
1878,B,BITF,BCHUSD,724.83,1533320381084,0.540104
1879,B,BITF,BCHUSD,724.83,1533320381084,3.75
1880,B,BITF,BCHUSD,724.83,1533320381084,0.02740891
1881,B,BITF,BCHUSD,724.73,1533320381084,2.68248709
1882,B,GDAX,BCHUSD,724.5,1533320440654,0.49540112
1883,B,GDAX,BCHUSD,724.5,1533320440655,3.17050748
1884,B,GDAX,BCHUSD,724.5,1533320440657,1.0
1885,B,GDAX,BCHUSD,724.5,1533320440659,0.06046
1886,B,GDAX,BCHUSD,724.5,1533320440659,1.37895227
1887,B,BITF,BCHUSD,724.71,1533320461948,2.0
1888,B,BITF,BCHUSD,724.71,1533320461948,9.0
1889,B,BITF,BCHUSD,724.71,1533320461958,2.0
1890,B,BITF,BCHUSD,724.71,1533320461958,1.2649
1891,B,BITF,BCHUSD,724.71,1533320461958,2.7
1892,B,BITF,BCHUSD,724.71,1533320461958,0.5
1893,B,BITF,BCHUSD,724.7,1533320461979,1.4
1894,B,BITF,BCHUSD,724.69,1533320461979,1.23437504
1895,B,BITF,BCHUSD,724.68,1533320461980,2.7
1896,B,BITF,BCHUSD,724.68,1533320461980,2.0
1897,B,BITF,BCHUSD,724.67,1533320461981,2.0
1898,B,BITF,BCHUSD,724.56,1533320461981,0.02913482
1899,B,BITF,BCHUSD,724.56,1533320461981,22.5
1900,B,BITF,BCHUSD,724.55,1533320462002,0.40192100000000003
1901,B,BITF,BCHUSD,724.44,1533320462002,0.687351
1902,B,BITF,BCHUSD,724.37,1533320462002,0.61935
1903,B,BITF,BCHUSD,724.15,1533320462016,0.72645981
1904,B,BITF,BCHUSD,724.14,1533320462016,2.07619244
1905,B,BITF,BCHUSD,724.1,1533320462037,1.5
1906,B,BITF,BCHUSD,724.1,1533320462037,6.8896
1907,B,BITF,BCHUSD,724.02,1533320462037,0.8
1908,B,BITF,BCHUSD,724.01,1533320462037,0.8
1909,B,BITF,BCHUSD,724.0,1533320462037,1.0
1910,B,BITF,BCHUSD,723.98,1533320462037,0.08307938
1911,B,BITF,BCHUSD,723.91,1533320462048,0.08307938
1912,B,BITF,BCHUSD,723.91,1533320462048,3.7
1913,B,BITF,BCHUSD,723.81,1533320462048,0.2
1914,B,BITF,BCHUSD,723.8,1533320462048,0.08307938
1915,B,BITF,BCHUSD,723.8,1533320462074,20.0
1916,B,BITF,BCHUSD,723.8,1533320462074,1.52
1917,B,BITF,BCHUSD,723.75,1533320462074,0.25961396
1918,B,BITF,BCHUSD,723.69,1533320462074,0.08307938
1919,B,BITF,BCHUSD,723.69,1533320462074,0.41528000000000004
1920,B,BITF,BCHUSD,723.69,1533320462074,6.0
1921,B,BITF,BCHUSD,723.63,1533320462074,0.51922793
1922,B,BITF,BCHUSD,723.62,1533320462086,0.10786576
1923,B,BITF,BCHUSD,723.59,1533320462086,1.0
1924,B,BITF,BCHUSD,723.51,1533320462086,1.11641072
1925,B,BITF,BCHUSD,724.32,1533320480679,0.1
1926,B,GDAX,BCHUSD,724.5,1533320498698,0.26314943
1927,B,GDAX,BCHUSD,724.5,1533320498702,0.05
1928,B,GDAX,BCHUSD,724.0,1533320498702,0.027624
1929,B,GDAX,BCHUSD,724.0,1533320498702,1.0
1930,B,GDAX,BCHUSD,724.0,1533320498702,0.63945313
1931,B,BITF,BCHUSD,724.3,1533320499647,0.034
1932,B,BITF,BCHUSD,724.4,1533320607584,0.41340573
1933,B,BITF,BCHUSD,724.4,1533320607584,0.96809427
1934,B,GDAX,BCHUSD,724.05,1533320609088,0.0137
1935,B,GDAX,BCHUSD,724.05,1533320650507,0.05134435
1936,B,GDAX,BCHUSD,724.05,1533320663576,0.05
1937,B,GDAX,BCHUSD,724.05,1533320663576,0.30658956
1938,B,GDAX,BCHUSD,724.05,1533320738134,0.0863
1939,B,BITF,BCHUSD,724.2,1533320757675,0.03055213
1940,B,BITF,BCHUSD,724.2,1533320788147,0.03024661
1941,B,BITF,BCHUSD,724.2,1533320788147,0.03024661
1942,B,GDAX,BCHUSD,724.05,1533320790645,0.04440405
1943,B,BITF,BCHUSD,724.43,1533320847457,0.1
1944,B,GDAX,BCHUSD,724.53,1533320878137,0.05548563
1945,B,BITF,BCHUSD,724.53,1533320888893,0.1
1946,B,BITS,BCHUSD,725.42,1533320921464,0.0184768
1947,B,GDAX,BCHUSD,724.53,1533320943500,0.0272
1948,B,BITF,BCHUSD,724.94,1533320968890,0.050689
1949,B,GDAX,BCHUSD,724.53,1533321000767,0.04164395
1950,B,GDAX,BCHUSD,724.53,1533321027326,0.05
1951,B,GDAX,BCHUSD,724.53,1533321027326,0.00824604
1952,B,GDAX,BCHUSD,724.53,1533321079385,0.0122
1953,B,BITF,BCHUSD,725.06,1533321149196,0.1
1954,B,BITF,BCHUSD,725.07,1533321176461,0.02964167
1955,B,GDAX,BCHUSD,724.53,1533321253762,0.05
1956,B,GDAX,BCHUSD,724.53,1533321253763,0.231
1957,B,GDAX,BCHUSD,724.53,1533321261532,0.769
1958,B,GDAX,BCHUSD,724.53,1533321261533,0.24931886
1959,B,GDAX,BCHUSD,724.53,1533321266702,0.05
1960,B,GDAX,BCHUSD,724.2,1533321266704,0.0524
1961,B,GDAX,BCHUSD,724.3,1533321305492,0.05
1962,B,GDAX,BCHUSD,724.2,1533321305493,0.01938174
1963,B,GDAX,BCHUSD,724.2,1533321347875,0.0476
1964,B,GDAX,BCHUSD,724.2,1533321369834,0.05
1965,B,GDAX,BCHUSD,724.2,1533321369836,0.0096
1966,B,GDAX,BCHUSD,724.2,1533321449822,0.0123
1967,B,BITS,BCHUSD,725.41,1533321450537,0.0123
1968,B,BITF,BCHUSD,725.02,1533321451606,0.1
1969,B,BITF,BCHUSD,724.98,1533321457656,0.033
1970,B,BITF,BCHUSD,724.99,1533321464961,0.02934526
1971,B,BITF,BCHUSD,724.98,1533321464961,0.00047607
1972,B,BITF,BCHUSD,724.98,1533321464983,0.00317867
1973,B,BITF,BCHUSD,724.99,1533321491228,0.02905181
1974,B,BITF,BCHUSD,724.98,1533321491228,0.07094819
1975,B,BITF,BCHUSD,724.99,1533321532926,0.02905181
1976,B,GDAX,BCHUSD,724.55,1533321573914,0.0659
1977,B,GDAX,BCHUSD,724.55,1533321619562,0.05
1978,B,GDAX,BCHUSD,724.22,1533321619562,0.02546998
1979,B,GDAX,BCHUSD,724.43,1533321632648,0.05
1980,B,GDAX,BCHUSD,724.43,1533321632652,0.0255
1981,B,GDAX,BCHUSD,724.52,1533321683306,3.0
1982,B,GDAX,BCHUSD,724.52,1533321683306,0.05
1983,B,GDAX,BCHUSD,724.52,1533321683306,0.09856472
1984,B,GDAX,BCHUSD,724.43,1533321683306,1.5
1985,B,GDAX,BCHUSD,724.2,1533321683306,5.78
1986,B,GDAX,BCHUSD,724.2,1533321683307,0.19525155
1987,B,GDAX,BCHUSD,724.2,1533321683308,2.0
1988,B,GDAX,BCHUSD,724.19,1533321683309,2.70452764
1989,B,GDAX,BCHUSD,724.05,1533321683310,0.56270639
1990,B,GDAX,BCHUSD,724.01,1533321683311,3.295
1991,B,GDAX,BCHUSD,724.0,1533321683311,4.89493348
1992,B,GDAX,BCHUSD,724.0,1533321683312,1.0
1993,B,GDAX,BCHUSD,723.82,1533321683316,5.0
1994,B,GDAX,BCHUSD,723.81,1533321683316,4.313
1995,B,GDAX,BCHUSD,723.48,1533321683316,0.9
1996,B,GDAX,BCHUSD,723.46,1533321683336,2.55536063
1997,B,GDAX,BCHUSD,724.43,1533321688564,0.05
1998,B,GDAX,BCHUSD,723.53,1533321688566,0.98542787
1999,B,BITF,BCHUSD,724.75,1533321731912,0.02847077
2000,B,BITF,BCHUSD,724.73,1533321731923,0.03852923
2001,B,GDAX,BCHUSD,724.05,1533321736684,0.05
2002,B,GDAX,BCHUSD,724.05,1533321736684,0.3473
2003,B,GDAX,BCHUSD,724.05,1533321767958,0.12467962
2004,B,BITF,BCHUSD,724.74,1533321783897,0.02847077
2005,B,BITF,BCHUSD,724.73,1533321783897,0.07152923
2006,B,GDAX,BCHUSD,724.05,1533321818047,0.05390933
2007,B,GDAX,BCHUSD,724.05,1533321829424,0.0539
2008,B,BITF,BCHUSD,724.73,1533321851709,0.00115994
2009,B,GDAX,BCHUSD,724.05,1533321932118,0.05
2010,B,GDAX,BCHUSD,724.05,1533321932118,0.05102786
2011,B,GDAX,BCHUSD,724.3,1533321939448,0.4098991
2012,B,GDAX,BCHUSD,724.3,1533321939623,0.4098991
2013,B,GDAX,BCHUSD,724.3,1533321944294,0.0696
2014,B,GDAX,BCHUSD,724.55,1533322004548,0.05
2015,B,GDAX,BCHUSD,724.55,1533322004548,0.19706997
2016,B,GDAX,BCHUSD,724.55,1533322004548,0.56743536
2017,B,GDAX,BCHUSD,724.55,1533322004550,0.016562
2018,B,GDAX,BCHUSD,724.09,1533322004550,0.11242459
2019,B,BITF,BCHUSD,724.62,1533322028614,0.1112184
2020,B,BITF,BCHUSD,724.62,1533322028614,0.5
2021,B,BITF,BCHUSD,724.62,1533322028614,0.036180000000000004
2022,B,BITF,BCHUSD,724.62,1533322028628,0.35260159999999996
2023,B,BITF,BCHUSD,724.44,1533322053233,0.02
2024,B,GDAX,BCHUSD,724.09,1533322062467,0.05
2025,B,GDAX,BCHUSD,724.09,1533322062467,0.51373978
2026,B,GDAX,BCHUSD,724.09,1533322070104,0.05
2027,B,GDAX,BCHUSD,724.09,1533322070104,0.1326
