,AB,EX_CODE,PAIR,PRICE,TIMESTAMP,TRADE_SIZE
0,A,GDAX,BCHUSD,714.45,1533304270194,0.2652
1,A,GDAX,BCHUSD,714.45,1533304270216,5.23647264
2,A,GDAX,BCHUSD,714.46,1533304270220,0.02589047
3,A,GDAX,BCHUSD,714.46,1533304270223,0.01329424
4,A,GDAX,BCHUSD,714.46,1533304270250,0.01329653
5,A,GDAX,BCHUSD,714.47,1533304270250,0.00045584
6,A,GDAX,BCHUSD,714.47,1533304270250,0.02403408
7,A,GDAX,BCHUSD,714.48,1533304270250,0.02449136
8,A,GDAX,BCHUSD,714.49,1533304270250,0.01469487
9,A,GDAX,BCHUSD,714.5,1533304270250,0.01189262
10,A,GDAX,BCHUSD,714.51,1533304270251,0.01329397
11,A,GDAX,BCHUSD,714.52,1533304270251,0.04548325
12,A,GDAX,BCHUSD,714.53,1533304270251,0.01189186
13,A,GDAX,BCHUSD,714.54,1533304270258,0.01888913
14,A,GDAX,BCHUSD,714.55,1533304270259,0.01189342
15,A,GDAX,BCHUSD,714.56,1533304270336,0.01189323
16,A,GDAX,BCHUSD,714.57,1533304270337,0.01189425
17,A,GDAX,BCHUSD,714.58,1533304270337,0.01329341
18,A,GDAX,BCHUSD,714.59,1533304270337,0.01189194
19,A,GDAX,BCHUSD,714.6,1533304270337,0.82550806
20,A,BITF,BCHUSD,717.01,1533304270407,2.0
21,A,BITF,BCHUSD,717.01,1533304270407,0.3526
22,A,BITF,BCHUSD,717.01,1533304270407,7.276
23,A,BITF,BCHUSD,717.01,1533304270990,0.28245994
24,A,BITF,BCHUSD,717.14,1533304279325,2.3028
25,A,BITF,BCHUSD,717.14,1533304283620,0.32487477
26,A,BITF,BCHUSD,717.14,1533304289881,0.375
27,A,BITF,BCHUSD,717.14,1533304289881,0.125
28,A,BITF,BCHUSD,717.14,1533304289881,0.375
29,A,BITF,BCHUSD,717.14,1533304289881,0.125
30,A,BITF,BCHUSD,717.14,1533304290711,7.5
31,A,BITF,BCHUSD,717.14,1533304290711,1.22507848
32,A,BITF,BCHUSD,717.14,1533304290711,0.19992152
33,A,BITF,BCHUSD,717.26,1533304291442,1.075
34,A,GDAX,BCHUSD,714.6,1533304307074,0.00016194
35,A,GDAX,BCHUSD,715.24,1533304307074,0.14
36,A,GDAX,BCHUSD,715.32,1533304307074,0.05
37,A,GDAX,BCHUSD,715.62,1533304307074,11.28859116
38,A,GDAX,BCHUSD,715.8,1533304317211,0.02165015
39,A,GDAX,BCHUSD,715.8,1533304317211,0.42608985
40,A,GDAX,BCHUSD,715.81,1533304322185,0.01466656
41,A,GDAX,BCHUSD,715.81,1533304322185,0.0272378
42,A,GDAX,BCHUSD,715.82,1533304322186,0.02444476
43,A,GDAX,BCHUSD,715.83,1533304322188,1.93365088
44,A,BITF,BCHUSD,717.3,1533304322948,0.023
45,A,GDAX,BCHUSD,715.83,1533304351093,0.0684
46,A,GDAX,BCHUSD,715.83,1533304361625,0.13846912
47,A,GDAX,BCHUSD,715.83,1533304361625,0.07488065
48,A,GDAX,BCHUSD,715.86,1533304361626,0.33981009999999995
49,A,GDAX,BCHUSD,715.86,1533304361627,0.33981009999999995
50,A,GDAX,BCHUSD,716.02,1533304361627,0.02443661
51,A,GDAX,BCHUSD,716.14,1533304361628,0.02443276
52,A,GDAX,BCHUSD,716.38,1533304361629,0.01186137
53,A,GDAX,BCHUSD,716.39,1533304361629,0.01884129
54,A,GDAX,BCHUSD,716.4,1533304361630,0.18535415
55,A,GDAX,BCHUSD,716.4,1533304361632,0.01510385
56,A,BITF,BCHUSD,717.3,1533304365841,1.86885454
57,A,BITF,BCHUSD,717.3,1533304372973,0.10174546
58,A,BITF,BCHUSD,717.43,1533304372973,0.25
59,A,BITF,BCHUSD,717.43,1533304372973,0.64825454
60,A,GDAX,BCHUSD,716.4,1533304373993,0.00094601
61,A,GDAX,BCHUSD,716.54,1533304373997,0.02442212
62,A,GDAX,BCHUSD,716.55,1533304373997,0.01325782
63,A,GDAX,BCHUSD,716.56,1533304373997,0.01277405
64,A,GDAX,BCHUSD,716.56,1533304381523,0.0144
65,A,BITF,BCHUSD,717.43,1533304381955,1.0
66,A,BITF,BCHUSD,717.43,1533304382668,0.10637808
67,A,BITF,BCHUSD,717.43,1533304392323,5.0
68,A,GDAX,BCHUSD,716.56,1533304431635,3.636e-05
69,A,GDAX,BCHUSD,716.66,1533304431636,0.02022939
70,A,GDAX,BCHUSD,716.67,1533304431639,0.01185837
71,A,GDAX,BCHUSD,716.68,1533304431642,0.02162457
72,A,GDAX,BCHUSD,716.69,1533304431642,0.01325252
73,A,GDAX,BCHUSD,716.7,1533304431642,0.01325315
74,A,GDAX,BCHUSD,716.71,1533304431642,0.01185663
75,A,GDAX,BCHUSD,716.72,1533304431649,0.01185914
76,A,GDAX,BCHUSD,716.73,1533304431649,0.02720556
77,A,GDAX,BCHUSD,716.74,1533304431649,0.01185568
78,A,GDAX,BCHUSD,716.75,1533304431649,0.02162246
79,A,GDAX,BCHUSD,716.76,1533304431649,0.01185633
80,A,GDAX,BCHUSD,716.77,1533304431650,0.02441142
81,A,GDAX,BCHUSD,716.78,1533304431654,0.04673571
82,A,GDAX,BCHUSD,716.79,1533304431654,0.01185721
83,A,GDAX,BCHUSD,716.8,1533304431654,0.01604249
84,A,GDAX,BCHUSD,716.81,1533304431655,0.01185658
85,A,GDAX,BCHUSD,716.82,1533304431655,0.01185473
86,A,GDAX,BCHUSD,716.83,1533304431655,0.0146445
87,A,GDAX,BCHUSD,716.84,1533304431655,0.02441024
88,A,GDAX,BCHUSD,716.85,1533304431655,0.01464406
89,A,GDAX,BCHUSD,716.86,1533304431655,0.0132501
90,A,GDAX,BCHUSD,716.87,1533304431655,0.01603847
91,A,GDAX,BCHUSD,716.88,1533304431655,0.32238235
92,A,GDAX,BCHUSD,716.88,1533304441153,1.02617148
93,A,GDAX,BCHUSD,716.88,1533304443834,0.1647
94,A,BITF,BCHUSD,717.43,1533304450136,0.125
95,A,BITF,BCHUSD,717.43,1533304450182,0.125
96,A,BITF,BCHUSD,717.43,1533304450212,0.125
97,A,BITF,BCHUSD,717.43,1533304450223,0.125
98,A,BITF,BCHUSD,717.43,1533304450265,0.5
99,A,GDAX,BCHUSD,716.88,1533304451642,0.68380894
100,A,BITF,BCHUSD,717.43,1533304456316,0.2
101,A,BITF,BCHUSD,717.43,1533304457625,0.2
102,A,BITF,BCHUSD,717.43,1533304468081,0.5
103,A,GDAX,BCHUSD,716.88,1533304479467,0.0271
104,A,GDAX,BCHUSD,716.88,1533304479475,1.55373833
105,A,GDAX,BCHUSD,716.88,1533304479476,0.07488065
106,A,GDAX,BCHUSD,716.88,1533304479477,0.01604123
107,A,GDAX,BCHUSD,717.09,1533304479534,0.02719139
108,A,GDAX,BCHUSD,717.1,1533304479534,0.02440111
109,A,GDAX,BCHUSD,717.11,1533304479534,0.01464059
110,A,GDAX,BCHUSD,717.12,1533304479534,0.01742703
111,A,GDAX,BCHUSD,717.13,1533304479534,0.01185209
112,A,GDAX,BCHUSD,717.14,1533304479535,0.01882171
113,A,GDAX,BCHUSD,717.15,1533304479540,0.02718921
114,A,GDAX,BCHUSD,717.16,1533304479540,0.05228592
115,A,GDAX,BCHUSD,717.17,1533304479541,0.01139095
116,A,GDAX,BCHUSD,717.17,1533304479578,0.00045769
117,A,GDAX,BCHUSD,717.18,1533304479582,0.02440074
118,A,GDAX,BCHUSD,717.19,1533304479582,0.02021616
119,A,GDAX,BCHUSD,717.2,1533304479582,0.02718792
120,A,GDAX,BCHUSD,717.21,1533304479583,0.02579224
121,A,GDAX,BCHUSD,717.22,1533304479584,0.01534525
122,A,GDAX,BCHUSD,717.22,1533304479584,0.0006862
123,A,GDAX,BCHUSD,717.23,1533304479587,0.0153138
124,A,GDAX,BCHUSD,717.23,1533304479593,0.03696834
125,A,GDAX,BCHUSD,717.24,1533304479594,0.01324275
126,A,GDAX,BCHUSD,717.25,1533304479596,0.01882184
127,A,GDAX,BCHUSD,717.26,1533304479603,0.0132
128,A,GDAX,BCHUSD,717.26,1533304479826,4.481e-05
129,A,GDAX,BCHUSD,717.27,1533304479826,0.01602887
130,A,GDAX,BCHUSD,717.28,1533304479826,0.01442632
131,A,GDAX,BCHUSD,717.28,1533304479851,0.00021223
132,A,GDAX,BCHUSD,717.29,1533304479852,0.0159
133,A,GDAX,BCHUSD,717.3,1533304479855,0.23388777
134,A,GDAX,BCHUSD,717.3,1533304491489,0.01611223
135,A,GDAX,BCHUSD,717.3,1533304491490,0.01881784
136,A,GDAX,BCHUSD,717.32,1533304491490,0.02578818
137,A,GDAX,BCHUSD,717.33,1533304491491,0.01184914
138,A,GDAX,BCHUSD,717.34,1533304491491,0.01184518
139,A,GDAX,BCHUSD,717.35,1533304491492,0.05
140,A,GDAX,BCHUSD,717.54,1533304491493,0.09103896
141,A,GDAX,BCHUSD,717.65,1533304491493,0.139344
142,A,GDAX,BCHUSD,717.77,1533304491496,0.03
143,A,GDAX,BCHUSD,717.98,1533304491496,9.60520447
144,A,BITS,BCHUSD,716.99,1533304494025,0.00906422
145,A,BITS,BCHUSD,716.99,1533304494100,0.03277244
146,A,BITS,BCHUSD,716.99,1533304494176,0.0146439
147,A,BITS,BCHUSD,716.99,1533304494254,0.0230102
148,A,BITS,BCHUSD,716.99,1533304494326,0.01464392
149,A,BITS,BCHUSD,716.99,1533304494403,0.009063799999999999
150,A,BITS,BCHUSD,716.99,1533304494476,0.01603587
151,A,BITS,BCHUSD,716.99,1533304494555,0.02440635
152,A,BITS,BCHUSD,716.99,1533304494634,0.02579829
153,A,BITS,BCHUSD,716.99,1533304494710,0.02256101
154,A,BITS,BCHUSD,716.99,1533304495165,0.00045065
155,A,BITF,BCHUSD,717.43,1533304496819,2.91058502
156,A,BITF,BCHUSD,717.43,1533304496838,0.6582720000000001
157,A,BITF,BCHUSD,717.48,1533304496838,2.0
158,A,BITF,BCHUSD,717.5,1533304496838,18.43114298
159,A,GDAX,BCHUSD,717.98,1533304500618,0.04
160,A,BITF,BCHUSD,717.46,1533304504003,0.2
161,A,BITF,BCHUSD,717.5,1533304504003,19.8
162,A,BITF,BCHUSD,717.5,1533304521044,11.76885702
163,A,BITF,BCHUSD,717.91,1533304521044,1.15259379
164,A,BITF,BCHUSD,717.99,1533304521044,1.6824709999999998
165,A,BITF,BCHUSD,718.0,1533304521044,0.02
166,A,BITF,BCHUSD,718.08,1533304521044,0.39687
167,A,BITF,BCHUSD,718.18,1533304521062,4.97920819
168,A,BITF,BCHUSD,718.18,1533304521062,0.254
169,A,BITF,BCHUSD,718.18,1533304521062,0.127
170,A,BITF,BCHUSD,718.18,1533304521062,0.127
171,A,BITF,BCHUSD,718.18,1533304521062,3.01279181
172,A,BITF,BCHUSD,718.2,1533304521085,2.0
173,A,BITF,BCHUSD,718.24,1533304521085,0.1
174,A,BITF,BCHUSD,718.28,1533304521085,0.10224618
175,A,BITF,BCHUSD,718.49,1533304521096,1.01496201
176,A,BITF,BCHUSD,718.49,1533304521096,2.38503799
177,A,BITF,BCHUSD,718.5,1533304521096,3.84496201
178,A,BITF,BCHUSD,718.5,1533304521096,19.3
179,A,BITF,BCHUSD,718.5,1533304521096,5.02403799
180,A,BITF,BCHUSD,718.54,1533304521096,1.0
181,A,BITF,BCHUSD,718.59,1533304521096,10.0
182,A,BITF,BCHUSD,718.61,1533304521119,0.02
183,A,BITF,BCHUSD,718.76,1533304521119,0.67366947
184,A,BITF,BCHUSD,718.8,1533304521119,2.58229254
185,A,BITF,BCHUSD,718.8,1533304521138,1.5
186,A,BITF,BCHUSD,718.8,1533304521138,5.11770746
187,A,BITF,BCHUSD,718.91,1533304521138,2.0
188,A,BITF,BCHUSD,718.92,1533304521138,0.19015661
189,A,BITF,BCHUSD,718.92,1533304521138,0.23625592
190,A,BITF,BCHUSD,718.94,1533304521138,7.5
191,A,BITF,BCHUSD,718.97,1533304521155,0.11039454
192,A,BITF,BCHUSD,719.0,1533304521155,4.74825224
193,A,BITF,BCHUSD,719.18,1533304521156,0.09723323
194,A,BITF,BCHUSD,719.18,1533304521156,0.00746911
195,A,BITF,BCHUSD,719.18,1533304521156,0.13353089
196,A,BITF,BCHUSD,719.18,1533304521156,3.36646911
197,A,BITF,BCHUSD,719.2,1533304521200,0.25960864
198,A,BITF,BCHUSD,719.25,1533304521200,0.03996
199,A,BITF,BCHUSD,719.35,1533304521200,0.51921728
200,A,BITF,BCHUSD,719.35,1533304521200,0.8
201,A,BITF,BCHUSD,719.37,1533304521200,0.01474497
202,A,BITF,BCHUSD,719.37,1533304521201,0.06525503
203,A,BITF,BCHUSD,719.4,1533304521201,7.93474497
204,A,BITF,BCHUSD,719.4,1533304521201,0.1348
205,A,BITF,BCHUSD,718.23,1533304522080,8.5
206,A,BITF,BCHUSD,718.61,1533304522080,0.02
207,A,BITF,BCHUSD,719.19,1533304522093,0.32358747
208,A,BITF,BCHUSD,719.34,1533304522093,11.15641253
209,A,BITF,BCHUSD,719.34,1533304523069,3.85758747
210,A,BITF,BCHUSD,719.4,1533304523069,1.93045503
211,A,BITF,BCHUSD,719.46,1533304523069,0.25943426
212,A,BITF,BCHUSD,719.5,1533304523083,13.95252324
213,A,BITF,BCHUSD,719.09,1533304524166,8.5
214,A,BITF,BCHUSD,719.22,1533304524166,1.0
215,A,BITF,BCHUSD,719.26,1533304524167,1.9
216,A,BITF,BCHUSD,719.33,1533304524167,8.6
217,A,GDAX,BCHUSD,717.98,1533304524996,11.29301786
218,A,GDAX,BCHUSD,717.98,1533304524999,0.01183576
219,A,GDAX,BCHUSD,717.98,1533304525000,0.01183611
220,A,GDAX,BCHUSD,717.98,1533304525000,0.01740716
221,A,GDAX,BCHUSD,717.98,1533304525000,0.50864964
222,A,GDAX,BCHUSD,717.98,1533304525001,0.0118387
223,A,GDAX,BCHUSD,717.98,1533304525001,0.01183483
224,A,GDAX,BCHUSD,717.98,1533304525002,0.01183605
225,A,GDAX,BCHUSD,717.98,1533304525005,0.0299435
226,A,GDAX,BCHUSD,717.98,1533304525005,0.02019202
227,A,GDAX,BCHUSD,717.98,1533304525005,0.03133452
228,A,GDAX,BCHUSD,717.98,1533304525005,0.01462247
229,A,GDAX,BCHUSD,717.98,1533304525006,0.02576371
230,A,GDAX,BCHUSD,717.98,1533304525006,0.014620699999999999
231,A,GDAX,BCHUSD,717.98,1533304525009,0.01183734
232,A,GDAX,BCHUSD,717.98,1533304525009,0.02715793
233,A,GDAX,BCHUSD,717.98,1533304525009,0.01601492
234,A,GDAX,BCHUSD,717.98,1533304525010,0.01183696
235,A,GDAX,BCHUSD,717.98,1533304525011,0.011835700000000001
236,A,GDAX,BCHUSD,717.98,1533304525011,0.02437209
237,A,GDAX,BCHUSD,717.99,1533304525012,0.01183787
238,A,GDAX,BCHUSD,718.0,1533304525014,0.5
239,A,GDAX,BCHUSD,718.17,1533304525023,0.02
240,A,GDAX,BCHUSD,718.37,1533304525023,0.04
241,A,GDAX,BCHUSD,718.71,1533304525023,0.05
242,A,GDAX,BCHUSD,719.0,1533304525023,0.01
243,A,GDAX,BCHUSD,719.0,1533304525023,1.0
244,A,GDAX,BCHUSD,719.07,1533304525023,0.19708599999999998
245,A,GDAX,BCHUSD,719.21,1533304525023,1.9
246,A,GDAX,BCHUSD,719.22,1533304525023,0.9
247,A,GDAX,BCHUSD,719.23,1533304525023,1.98970138
248,A,BITF,BCHUSD,718.81,1533304525181,0.6
249,A,BITF,BCHUSD,719.26,1533304525181,0.33852
250,A,BITF,BCHUSD,719.33,1533304525181,0.48207409
251,A,BITS,BCHUSD,717.99,1533304525569,0.01322886
252,A,BITS,BCHUSD,717.99,1533304525645,0.00905057
253,A,GDAX,BCHUSD,719.19,1533304525880,1.5
254,A,GDAX,BCHUSD,719.21,1533304525880,0.26517497
255,A,GDAX,BCHUSD,719.29,1533304537453,0.01246392
256,A,GDAX,BCHUSD,719.29,1533304565936,0.01459586
257,A,GDAX,BCHUSD,719.29,1533304565939,0.01400855
258,A,GDAX,BCHUSD,719.29,1533304565939,0.05
259,A,GDAX,BCHUSD,719.29,1533304565940,0.01
260,A,GDAX,BCHUSD,719.29,1533304565948,0.01399717
261,A,GDAX,BCHUSD,719.29,1533304565948,0.01399698
262,A,GDAX,BCHUSD,719.29,1533304565948,0.01399698
263,A,GDAX,BCHUSD,719.29,1533304565948,0.00580446
264,A,GDAX,BCHUSD,719.29,1533304572829,0.00816924
265,A,GDAX,BCHUSD,719.29,1533304572829,0.99183076
266,A,BITS,BCHUSD,717.99,1533304575832,0.00905081
267,A,BITS,BCHUSD,717.99,1533304575916,0.01879903
268,A,BITS,BCHUSD,717.99,1533304575995,0.01880093
269,A,BITS,BCHUSD,717.99,1533304576072,0.02158449
270,A,BITS,BCHUSD,717.99,1533304576148,0.00905296
271,A,BITS,BCHUSD,717.99,1533304576231,0.00904996
272,A,BITS,BCHUSD,717.99,1533304576308,0.02576393
273,A,BITS,BCHUSD,717.99,1533304576387,0.0132311
274,A,BITS,BCHUSD,717.99,1533304576473,0.01462111
275,A,GDAX,BCHUSD,719.29,1533304615780,0.0163
276,A,GDAX,BCHUSD,719.29,1533304615915,0.08736075
277,A,GDAX,BCHUSD,719.29,1533304615917,0.01181361
278,A,GDAX,BCHUSD,719.29,1533304615917,0.01320627
279,A,GDAX,BCHUSD,719.29,1533304615917,0.02710733
280,A,GDAX,BCHUSD,719.29,1533304615919,0.05352149
281,A,GDAX,BCHUSD,719.29,1533304615919,0.10483289999999999
282,A,GDAX,BCHUSD,719.29,1533304615920,0.05
283,A,GDAX,BCHUSD,719.3,1533304615920,0.01181358
284,A,GDAX,BCHUSD,719.31,1533304615922,0.01876516
285,A,GDAX,BCHUSD,719.32,1533304615922,0.01181423
286,A,GDAX,BCHUSD,719.33,1533304615922,0.02571569
287,A,GDAX,BCHUSD,719.34,1533304615923,0.01181324
288,A,GDAX,BCHUSD,719.35,1533304615925,0.01876444
289,A,GDAX,BCHUSD,719.36,1533304615925,0.01181286
290,A,GDAX,BCHUSD,719.37,1533304615928,0.02015539
291,A,GDAX,BCHUSD,719.38,1533304615928,0.02849335
292,A,GDAX,BCHUSD,719.39,1533304615928,0.02154595
293,A,GDAX,BCHUSD,719.4,1533304615928,0.01737531
294,A,GDAX,BCHUSD,719.41,1533304615929,0.01598205
295,A,GDAX,BCHUSD,719.42,1533304615931,0.01181332
296,A,GDAX,BCHUSD,719.43,1533304615931,0.01737473
297,A,GDAX,BCHUSD,719.44,1533304615931,0.01459366
298,A,GDAX,BCHUSD,719.45,1533304615931,0.04656079
299,A,GDAX,BCHUSD,719.46,1533304615933,0.01876341
300,A,GDAX,BCHUSD,719.47,1533304615933,0.02154176
301,A,GDAX,BCHUSD,719.48,1533304615938,0.01876226
302,A,GDAX,BCHUSD,719.49,1533304615938,0.01181361
303,A,GDAX,BCHUSD,719.5,1533304615940,0.02432063
304,A,GDAX,BCHUSD,719.5,1533304615941,0.25256223
305,A,BITF,BCHUSD,718.88,1533304636954,0.38
306,A,GDAX,BCHUSD,719.5,1533304640755,0.02571126
307,A,GDAX,BCHUSD,719.5,1533304640755,0.05
308,A,GDAX,BCHUSD,719.5,1533304640755,0.02293181
309,A,GDAX,BCHUSD,719.5,1533304640755,0.02014915
310,A,GDAX,BCHUSD,719.5,1533304640755,0.01320151
311,A,GDAX,BCHUSD,719.5,1533304640756,0.02570986
312,A,GDAX,BCHUSD,719.5,1533304640757,0.01181054
313,A,GDAX,BCHUSD,719.5,1533304640757,0.01181266
314,A,GDAX,BCHUSD,719.5,1533304640767,0.01181188
315,A,GDAX,BCHUSD,719.51,1533304640770,3.82724765
316,A,GDAX,BCHUSD,719.51,1533304674349,0.68130944
317,A,GDAX,BCHUSD,719.51,1533304686103,0.25
318,A,GDAX,BCHUSD,719.51,1533304692863,0.02
319,A,GDAX,BCHUSD,719.51,1533304692872,0.02
320,A,BITF,BCHUSD,718.88,1533304693089,0.05476008
321,A,BITF,BCHUSD,718.88,1533304693089,0.08859251
322,A,BITF,BCHUSD,718.88,1533304693093,1.25664741
323,A,BITF,BCHUSD,719.25,1533304694029,0.434
324,A,GDAX,BCHUSD,719.51,1533304699315,0.20144291
325,A,GDAX,BCHUSD,719.51,1533304699317,0.01181163
326,A,GDAX,BCHUSD,719.51,1533304699318,0.01396941
327,A,GDAX,BCHUSD,719.51,1533304699323,0.02277605
328,A,GDAX,BCHUSD,719.51,1533304700418,0.06021667
329,A,GDAX,BCHUSD,719.51,1533304700420,0.05
330,A,GDAX,BCHUSD,719.51,1533304700456,0.59998333
331,A,GDAX,BCHUSD,719.51,1533304700565,1.667e-05
332,A,GDAX,BCHUSD,719.53,1533304700565,0.02709833
333,A,GDAX,BCHUSD,719.54,1533304700565,0.01180932
334,A,GDAX,BCHUSD,719.55,1533304700565,0.01875829
335,A,GDAX,BCHUSD,719.56,1533304700565,0.01291739
336,A,GDAX,BCHUSD,719.56,1533304700565,0.00028199999999999997
337,A,GDAX,BCHUSD,719.57,1533304700565,0.01875719
338,A,GDAX,BCHUSD,719.58,1533304700565,0.00996081
339,A,GDAX,BCHUSD,719.58,1533304700569,0.01157585
340,A,GDAX,BCHUSD,719.59,1533304700569,0.01736796
341,A,GDAX,BCHUSD,719.6,1533304700582,0.0159803
342,A,GDAX,BCHUSD,719.61,1533304700582,0.008319700000000001
343,A,GDAX,BCHUSD,719.61,1533304700792,0.0048802
344,A,GDAX,BCHUSD,719.62,1533304700793,0.019419799999999997
345,A,GDAX,BCHUSD,719.62,1533304700804,0.00489753
346,A,GDAX,BCHUSD,719.63,1533304700804,0.02210247
347,A,GDAX,BCHUSD,719.63,1533304700822,0.03139468
348,A,GDAX,BCHUSD,719.64,1533304700908,0.0201
349,A,BITF,BCHUSD,719.25,1533304705010,3.1807
350,A,BITF,BCHUSD,719.25,1533304706231,21.60764
351,A,GDAX,BCHUSD,719.64,1533304706457,0.00699368
352,A,GDAX,BCHUSD,719.65,1533304706458,0.02431533
353,A,GDAX,BCHUSD,719.7,1533304706459,0.0201453
354,A,GDAX,BCHUSD,719.71,1533304706461,0.02431425
355,A,GDAX,BCHUSD,719.78,1533304706462,0.01458567
356,A,GDAX,BCHUSD,719.79,1533304706463,0.01458615
357,A,GDAX,BCHUSD,719.8,1533304706463,0.0215308
358,A,GDAX,BCHUSD,719.81,1533304706466,0.2
359,A,GDAX,BCHUSD,720.0,1533304706467,0.5
360,A,GDAX,BCHUSD,720.0,1533304706469,0.17352882
361,A,GDAX,BCHUSD,720.0,1533304706470,0.32647118
362,A,GDAX,BCHUSD,720.0,1533304706471,0.54105125
363,A,BITS,BCHUSD,718.99,1533304706605,0.0090368
364,A,BITF,BCHUSD,719.25,1533304708063,9.92e-06
365,A,BITF,BCHUSD,719.47,1533304708689,1.437091
366,A,BITF,BCHUSD,719.51,1533304708689,0.622909
367,A,GDAX,BCHUSD,720.0,1533304710750,0.85731791
368,A,GDAX,BCHUSD,720.0,1533304710750,1.5
369,A,GDAX,BCHUSD,720.0,1533304710750,0.01
370,A,GDAX,BCHUSD,720.0,1533304710750,0.01178209
371,A,BITF,BCHUSD,719.51,1533304710920,4.377
372,A,BITF,BCHUSD,719.51,1533304710979,9.1e-05
373,A,BITF,BCHUSD,719.56,1533304710979,0.410709
374,A,BITF,BCHUSD,719.56,1533304711507,0.000143
375,A,BITF,BCHUSD,719.66,1533304711534,0.11835699999999999
376,A,BITF,BCHUSD,719.66,1533304711594,0.0001859
377,A,BITF,BCHUSD,719.8,1533304711594,0.4953141
378,A,BITF,BCHUSD,719.8,1533304712756,0.00020590000000000002
379,A,BITF,BCHUSD,719.88,1533304713312,0.2
380,A,BITF,BCHUSD,719.88,1533304714724,0.1935
381,A,BITF,BCHUSD,719.88,1533304718476,1.4
382,A,BITS,BCHUSD,719.84,1533304718875,0.02
383,A,BITF,BCHUSD,719.88,1533304720940,0.0565
384,A,BITF,BCHUSD,719.99,1533304720960,1.3435
385,A,GDAX,BCHUSD,720.0,1533304721024,1.943e-05
386,A,GDAX,BCHUSD,720.0,1533304721030,0.99561398
387,A,BITF,BCHUSD,719.99,1533304727982,0.05
388,A,BITF,BCHUSD,719.99,1533304729664,2.07362382
389,A,GDAX,BCHUSD,720.39,1533304732743,0.04197348
390,A,GDAX,BCHUSD,720.39,1533304732752,0.95362652
391,A,GDAX,BCHUSD,720.39,1533304733176,1.04637348
392,A,GDAX,BCHUSD,720.39,1533304733177,0.31547482
393,A,BITF,BCHUSD,719.86,1533304739414,1.22512501
394,A,BITF,BCHUSD,719.86,1533304739414,2.4536
395,A,BITF,BCHUSD,719.97,1533304739414,2.7
396,A,BITF,BCHUSD,719.98,1533304739441,4.42127499
397,A,GDAX,BCHUSD,720.39,1533304745451,0.01179638
398,A,GDAX,BCHUSD,720.39,1533304745452,0.04750362
399,A,BITF,BCHUSD,719.61,1533304753805,0.2
400,A,GDAX,BCHUSD,720.39,1533304753841,0.035489099999999996
401,A,GDAX,BCHUSD,720.39,1533304753841,1.5
402,A,GDAX,BCHUSD,720.39,1533304753841,0.02290392
403,A,GDAX,BCHUSD,720.39,1533304753841,1.0082
404,A,GDAX,BCHUSD,720.43,1533304753841,0.04372004
405,A,GDAX,BCHUSD,720.44,1533304753841,0.0201239
406,A,GDAX,BCHUSD,720.45,1533304753841,0.01179704
407,A,GDAX,BCHUSD,720.46,1533304753841,0.05
408,A,GDAX,BCHUSD,720.6,1533304753841,0.01179551
409,A,GDAX,BCHUSD,720.73,1533304753841,0.02289036
410,A,GDAX,BCHUSD,720.74,1533304753841,0.02288922
411,A,GDAX,BCHUSD,720.82,1533304753841,0.33910500000000005
412,A,GDAX,BCHUSD,720.83,1533304753842,0.9
413,A,GDAX,BCHUSD,720.84,1533304753856,2.98301409
414,A,GDAX,BCHUSD,720.39,1533304760615,0.01179855
415,A,GDAX,BCHUSD,720.39,1533304760615,1.5
416,A,GDAX,BCHUSD,720.39,1533304760615,1.18683385
417,A,BITF,BCHUSD,719.23,1533304779549,0.05476008
418,A,BITF,BCHUSD,719.56,1533304779549,0.34523992
419,A,BITF,BCHUSD,719.55,1533304780602,0.05476008
420,A,BITF,BCHUSD,719.56,1533304780602,0.07023992
421,A,BITF,BCHUSD,719.56,1533304780602,0.125
422,A,BITF,BCHUSD,719.56,1533304780635,0.0534
423,A,BITF,BCHUSD,719.56,1533304780635,0.125
424,A,BITF,BCHUSD,719.56,1533304780702,0.05471016
425,A,GDAX,BCHUSD,720.39,1533304783862,0.02012519
426,A,GDAX,BCHUSD,720.44,1533304783862,0.02706299
427,A,GDAX,BCHUSD,720.45,1533304783862,0.02290045
428,A,GDAX,BCHUSD,720.59,1533304783862,0.02151007
429,A,GDAX,BCHUSD,720.6,1533304783862,0.01873262
430,A,GDAX,BCHUSD,720.6,1533304783862,0.142274
431,A,GDAX,BCHUSD,720.61,1533304783862,0.013046799999999999
432,A,BITF,BCHUSD,719.99,1533304802909,7.53287618
433,A,BITF,BCHUSD,719.99,1533304802909,0.42964300000000005
434,A,BITF,BCHUSD,720.0,1533304802909,2.0
435,A,BITF,BCHUSD,720.0,1533304802909,0.11
436,A,BITF,BCHUSD,720.0,1533304802909,0.02
437,A,BITF,BCHUSD,720.33,1533304802909,0.6573899999999999
438,A,BITF,BCHUSD,720.34,1533304802909,0.12669126
439,A,BITF,BCHUSD,720.58,1533304802933,2.23463965
440,A,BITF,BCHUSD,720.58,1533304802933,0.2
441,A,BITF,BCHUSD,720.56,1533304803932,1.12525748
442,A,BITF,BCHUSD,720.58,1533304803951,11.08311035
443,A,BITF,BCHUSD,720.78,1533304803951,1.21511366
444,A,GDAX,BCHUSD,720.61,1533304803982,0.00984648
445,A,GDAX,BCHUSD,720.61,1533304803982,0.08299271
446,A,GDAX,BCHUSD,720.61,1533304803982,0.01734344
447,A,GDAX,BCHUSD,720.61,1533304803982,0.02150629
448,A,GDAX,BCHUSD,720.61,1533304803982,0.01873367
449,A,GDAX,BCHUSD,720.62,1533304803982,0.01179507
450,A,GDAX,BCHUSD,720.63,1533304803982,0.01317985
451,A,GDAX,BCHUSD,720.64,1533304803982,0.025669499999999998
452,A,GDAX,BCHUSD,720.65,1533304803982,0.025671199999999998
453,A,GDAX,BCHUSD,720.66,1533304803982,0.01179278
454,A,GDAX,BCHUSD,720.67,1533304803982,0.02150643
455,A,GDAX,BCHUSD,720.74,1533304803983,0.02150484
456,A,GDAX,BCHUSD,720.81,1533304803983,0.01595087
457,A,GDAX,BCHUSD,720.81,1533304803983,0.05
458,A,GDAX,BCHUSD,721.0,1533304803983,0.67268812
459,A,BITF,BCHUSD,720.78,1533304805260,2.78488634
460,A,BITF,BCHUSD,720.86,1533304805280,1.6791200000000002
461,A,BITF,BCHUSD,721.0,1533304805280,1.39891498
462,A,GDAX,BCHUSD,721.0,1533304807406,0.04
463,A,GDAX,BCHUSD,721.0,1533304807928,0.28731188
464,A,GDAX,BCHUSD,721.0,1533304807928,0.01879
465,A,GDAX,BCHUSD,721.0,1533304807930,0.05
466,A,GDAX,BCHUSD,721.24,1533304807930,0.138651
467,A,GDAX,BCHUSD,721.29,1533304807931,6.847
468,A,GDAX,BCHUSD,721.46,1533304807932,0.256
469,A,GDAX,BCHUSD,721.65,1533304807932,0.37282
470,A,GDAX,BCHUSD,721.67,1533304807933,9.681000000000001
471,A,GDAX,BCHUSD,721.67,1533304807935,0.9
472,A,GDAX,BCHUSD,721.81,1533304807935,9.849
473,A,GDAX,BCHUSD,721.84,1533304807935,10.0
474,A,GDAX,BCHUSD,722.0,1533304807937,0.02
475,A,GDAX,BCHUSD,722.0,1533304807937,0.01
476,A,GDAX,BCHUSD,722.09,1533304807938,0.573635
477,A,GDAX,BCHUSD,722.19,1533304807939,1.4313935
478,A,GDAX,BCHUSD,721.0,1533304810373,0.397606
479,A,GDAX,BCHUSD,721.0,1533304810373,0.05
480,A,GDAX,BCHUSD,721.46,1533304810373,0.1197
481,A,GDAX,BCHUSD,721.77,1533304810373,0.43269399999999997
482,A,BITF,BCHUSD,721.0,1533304826686,4.60108502
483,A,BITF,BCHUSD,721.0,1533304826702,5.39227456
484,A,BITF,BCHUSD,721.0,1533304826702,0.00664042
485,A,BITF,BCHUSD,721.03,1533304831575,0.13483963
486,A,BITF,BCHUSD,721.03,1533304831575,1.4
487,A,BITF,BCHUSD,721.24,1533304831575,0.41681719
488,A,BITF,BCHUSD,721.24,1533304831575,3.44834318
489,A,GDAX,BCHUSD,721.7,1533304831667,0.01177505
490,A,GDAX,BCHUSD,721.7,1533304831667,0.02063846
491,A,BITS,BCHUSD,719.99,1533304835243,0.01597081
492,A,BITS,BCHUSD,719.99,1533304835323,0.02430499
493,A,BITS,BCHUSD,719.99,1533304835405,0.01458308
494,A,BITS,BCHUSD,719.99,1533304835486,0.00902512
495,A,BITS,BCHUSD,719.99,1533304835568,0.01458182
496,A,BITS,BCHUSD,719.99,1533304835652,0.00902385
497,A,BITS,BCHUSD,719.99,1533304835735,0.01180552
498,A,BITS,BCHUSD,719.99,1533304835821,0.02013775
499,A,BITS,BCHUSD,719.99,1533304835898,0.01735828
500,A,BITS,BCHUSD,719.99,1533304835980,0.02013914
501,A,BITF,BCHUSD,721.01,1533304861837,2.0
502,A,BITF,BCHUSD,721.02,1533304861837,0.08914143
503,A,BITF,BCHUSD,721.01,1533304881844,2.0
504,A,BITF,BCHUSD,721.01,1533304881844,0.1
505,A,GDAX,BCHUSD,721.7,1533304888693,0.0124223
506,A,BITF,BCHUSD,721.0,1533304900638,0.127
507,A,GDAX,BCHUSD,721.7,1533304913757,0.00628208
508,A,GDAX,BCHUSD,721.7,1533304913758,0.01454827
509,A,GDAX,BCHUSD,721.7,1533304913759,0.1
510,A,GDAX,BCHUSD,721.7,1533304913785,0.01593453
511,A,GDAX,BCHUSD,721.7,1533304913785,0.01316064
512,A,GDAX,BCHUSD,721.7,1533304913785,0.01177576
513,A,GDAX,BCHUSD,721.7,1533304913785,0.00402131
514,A,GDAX,BCHUSD,721.7,1533304931728,0.00775458
515,A,GDAX,BCHUSD,721.7,1533304931728,0.0145477
516,A,GDAX,BCHUSD,721.7,1533304931728,0.01870345
517,A,GDAX,BCHUSD,721.7,1533304931728,0.08299272
518,A,GDAX,BCHUSD,721.7,1533304931728,0.02563053
519,A,GDAX,BCHUSD,721.7,1533304931733,0.02563056
520,A,GDAX,BCHUSD,721.7,1533304931733,0.01593121
521,A,GDAX,BCHUSD,721.7,1533304931733,0.03533314
522,A,GDAX,BCHUSD,721.7,1533304931733,0.01177772
523,A,GDAX,BCHUSD,721.7,1533304931734,0.0214764
524,A,GDAX,BCHUSD,721.7,1533304931734,0.01177752
525,A,GDAX,BCHUSD,721.7,1533304931734,0.02147451
526,A,GDAX,BCHUSD,721.7,1533304931736,0.01177426
527,A,GDAX,BCHUSD,721.7,1533304931736,0.02123627
528,A,BITF,BCHUSD,720.8,1533304946465,0.4126
529,A,BITF,BCHUSD,720.8,1533304946466,0.79322
530,A,BITF,BCHUSD,720.8,1533304946466,0.5
531,A,BITF,BCHUSD,720.88,1533304946472,1.25396846
532,A,BITF,BCHUSD,721.0,1533304946472,0.1462981
533,A,BITF,BCHUSD,721.24,1533304946472,0.25875782
534,A,BITF,BCHUSD,721.26,1533304946472,0.44733849
535,A,BITF,BCHUSD,721.27,1533304946472,6.461
536,A,BITF,BCHUSD,721.36,1533304946472,0.53505
537,A,BITF,BCHUSD,721.43,1533304946472,0.8
538,A,BITF,BCHUSD,721.45,1533304946472,0.02
539,A,BITF,BCHUSD,721.57,1533304946472,0.5173984
540,A,BITF,BCHUSD,721.66,1533304946472,2.85436873
541,A,BITF,BCHUSD,721.66,1533304946493,0.1331519
542,A,GDAX,BCHUSD,721.7,1533304958787,0.00578029
543,A,GDAX,BCHUSD,721.7,1533304958791,0.01663776
544,A,BITF,BCHUSD,720.84,1533305005495,1.18353171
545,A,BITF,BCHUSD,720.84,1533305005495,4.2
546,A,BITF,BCHUSD,720.85,1533305005506,0.02337
547,A,BITF,BCHUSD,720.91,1533305005506,2.0
548,A,BITF,BCHUSD,720.91,1533305005506,2.7
549,A,BITF,BCHUSD,720.94,1533305005506,1.0
550,A,BITF,BCHUSD,721.0,1533305005506,2.0
551,A,BITF,BCHUSD,721.0,1533305005585,2.7
552,A,BITF,BCHUSD,721.14,1533305005585,0.33
553,A,BITF,BCHUSD,721.41,1533305005585,0.25879639
554,A,BITF,BCHUSD,721.44,1533305005585,0.02
555,A,BITF,BCHUSD,721.45,1533305005585,2.06242139
556,A,BITF,BCHUSD,721.5,1533305005585,0.45611999999999997
557,A,BITF,BCHUSD,721.5,1533305005585,5.9
558,A,BITF,BCHUSD,721.58,1533305005585,0.51760117
559,A,BITF,BCHUSD,721.67,1533305005585,2.7
560,A,BITF,BCHUSD,721.72,1533305005585,0.14298799
561,A,BITF,BCHUSD,721.76,1533305005585,0.8
562,A,BITF,BCHUSD,721.85,1533305005585,1.7874
563,A,BITF,BCHUSD,721.86,1533305005585,1.0
564,A,BITF,BCHUSD,721.9,1533305005585,13.21777135
565,A,GDAX,BCHUSD,721.01,1533305020002,0.1
566,A,GDAX,BCHUSD,721.34,1533305020003,0.05
567,A,GDAX,BCHUSD,721.44,1533305020004,0.12172986
568,A,GDAX,BCHUSD,721.43,1533305022064,0.06625587
569,A,BITS,BCHUSD,720.33,1533305022549,0.07
570,A,GDAX,BCHUSD,721.43,1533305027125,0.93374413
571,A,GDAX,BCHUSD,721.43,1533305027125,0.05
572,A,GDAX,BCHUSD,721.44,1533305027125,0.13287014
573,A,GDAX,BCHUSD,721.7,1533305027125,0.02146263
574,A,GDAX,BCHUSD,721.7,1533305027125,6.47083312
575,A,GDAX,BCHUSD,721.7,1533305027125,0.0228608
576,A,GDAX,BCHUSD,721.7,1533305027125,0.02424573
577,A,GDAX,BCHUSD,721.7,1533305027129,0.02286221
578,A,GDAX,BCHUSD,721.7,1533305027129,0.03318491
579,A,GDAX,BCHUSD,721.7,1533305027129,0.011776
580,A,GDAX,BCHUSD,721.7,1533305027129,0.05334268
581,A,GDAX,BCHUSD,721.7,1533305027129,0.01177525
582,A,GDAX,BCHUSD,721.7,1533305027129,0.01454865
583,A,GDAX,BCHUSD,721.7,1533305027129,0.01870361
584,A,GDAX,BCHUSD,721.7,1533305027129,0.02147573
585,A,GDAX,BCHUSD,721.7,1533305027131,0.02701868
586,A,GDAX,BCHUSD,721.7,1533305027131,0.01177749
587,A,GDAX,BCHUSD,721.7,1533305027133,0.04087391
588,A,GDAX,BCHUSD,721.7,1533305027133,0.01177365
589,A,GDAX,BCHUSD,721.7,1533305027133,0.02563103
590,A,GDAX,BCHUSD,721.7,1533305027133,0.01593138
591,A,GDAX,BCHUSD,721.7,1533305027133,0.01177536
592,A,GDAX,BCHUSD,721.7,1533305027134,0.03532993
593,A,GDAX,BCHUSD,721.7,1533305027134,0.01177594
594,A,GDAX,BCHUSD,721.7,1533305027134,2.1
595,A,GDAX,BCHUSD,721.71,1533305027136,0.02008753
596,A,GDAX,BCHUSD,721.72,1533305027136,0.01177473
597,A,GDAX,BCHUSD,721.73,1533305027136,0.01177408
598,A,GDAX,BCHUSD,721.74,1533305027138,0.0173162
599,A,GDAX,BCHUSD,721.75,1533305027138,0.01316129
600,A,GDAX,BCHUSD,721.76,1533305027139,0.0242451
601,A,GDAX,BCHUSD,721.77,1533305027139,0.1
602,A,GDAX,BCHUSD,721.95,1533305027140,5.0
603,A,GDAX,BCHUSD,721.98,1533305027166,2.28591476
604,A,BITS,BCHUSD,720.33,1533305027609,0.8629
605,A,BITS,BCHUSD,721.98,1533305028890,0.06540659
606,A,BITS,BCHUSD,721.99,1533305028969,0.00459341
607,A,GDAX,BCHUSD,721.96,1533305066882,0.01869629
608,A,GDAX,BCHUSD,721.96,1533305066882,0.0047887
609,A,GDAX,BCHUSD,721.71,1533305095093,0.01731712
610,A,GDAX,BCHUSD,721.9,1533305095093,0.0214704
611,A,GDAX,BCHUSD,721.91,1533305095105,0.01177424
612,A,GDAX,BCHUSD,721.92,1533305095105,0.02701109
613,A,GDAX,BCHUSD,721.93,1533305095105,0.01177328
614,A,GDAX,BCHUSD,721.94,1533305095105,0.0030159
615,A,GDAX,BCHUSD,721.92,1533305099765,0.01104342
616,A,BITS,BCHUSD,721.99,1533305115692,0.01730966
617,A,BITS,BCHUSD,722.99,1533305115852,0.03388426
618,A,BITS,BCHUSD,722.99,1533305115852,0.01175349
619,A,BITS,BCHUSD,722.99,1533305115938,0.02558805
620,A,BITS,BCHUSD,722.99,1533305116013,0.025584700000000002
621,A,BITS,BCHUSD,722.99,1533305116090,0.01728816
622,A,BITS,BCHUSD,722.99,1533305116162,0.00898746
623,A,BITS,BCHUSD,722.99,1533305116236,0.00898826
624,A,BITS,BCHUSD,722.99,1533305116323,0.00898858
625,A,BITS,BCHUSD,722.99,1533305116386,0.008988
626,A,BITS,BCHUSD,723.29,1533305116468,0.41225132
627,A,GDAX,BCHUSD,721.92,1533305119378,0.01458252
628,A,GDAX,BCHUSD,721.92,1533305119378,0.01592668
629,A,GDAX,BCHUSD,721.92,1533305119378,0.01592777
630,A,GDAX,BCHUSD,721.92,1533305119378,0.01731184
631,A,GDAX,BCHUSD,721.93,1533305119378,0.02562303
632,A,GDAX,BCHUSD,721.94,1533305119378,0.00875504
633,A,GDAX,BCHUSD,721.95,1533305119378,0.01592773
634,A,GDAX,BCHUSD,721.96,1533305119378,0.01806521
635,A,GDAX,BCHUSD,721.96,1533305119378,0.01869868
636,A,GDAX,BCHUSD,721.96,1533305119379,0.01454345
637,A,GDAX,BCHUSD,721.96,1533305119379,0.01592581
638,A,GDAX,BCHUSD,721.96,1533305119379,0.01731057
639,A,GDAX,BCHUSD,721.96,1533305119379,0.02285331
640,A,GDAX,BCHUSD,721.96,1533305119379,0.01177035
641,A,GDAX,BCHUSD,721.96,1533305119379,0.02700892
642,A,GDAX,BCHUSD,721.96,1533305119379,0.01177136
643,A,GDAX,BCHUSD,721.96,1533305119379,0.13540578
644,A,GDAX,BCHUSD,721.96,1533305133690,0.19880054
645,A,BITS,BCHUSD,722.85,1533305159160,0.24850598
646,A,GDAX,BCHUSD,721.96,1533305176890,0.01241783
647,A,GDAX,BCHUSD,721.96,1533305191309,0.0387
648,A,GDAX,BCHUSD,721.96,1533305192557,0.03998237
649,A,GDAX,BCHUSD,721.96,1533305200541,0.33133959
650,A,GDAX,BCHUSD,721.96,1533305201773,2.17278889
651,A,GDAX,BCHUSD,721.96,1533305225273,0.1391596
652,A,BITF,BCHUSD,721.35,1533305230874,0.27725700000000003
653,A,GDAX,BCHUSD,721.96,1533305237335,0.035
654,A,GDAX,BCHUSD,721.96,1533305245844,0.01861985
655,A,BITF,BCHUSD,721.41,1533305251041,0.05
656,A,GDAX,BCHUSD,721.96,1533305255295,0.1656629
657,A,GDAX,BCHUSD,721.96,1533305296178,0.1779
658,A,GDAX,BCHUSD,721.96,1533305297366,1.53422265
659,A,GDAX,BCHUSD,721.96,1533305297366,0.01315459
660,A,GDAX,BCHUSD,721.96,1533305297366,0.02423699
661,A,GDAX,BCHUSD,721.96,1533305297366,0.01177319
662,A,GDAX,BCHUSD,721.96,1533305297366,0.01177113
663,A,GDAX,BCHUSD,721.96,1533305297368,0.018697
664,A,GDAX,BCHUSD,721.96,1533305297368,0.02423637
665,A,GDAX,BCHUSD,721.96,1533305297369,0.02008218
666,A,GDAX,BCHUSD,721.96,1533305297375,0.02700884
667,A,GDAX,BCHUSD,721.96,1533305297375,0.01315487
668,A,GDAX,BCHUSD,721.96,1533305297375,0.02700714
669,A,GDAX,BCHUSD,721.96,1533305297375,0.01869869
670,A,GDAX,BCHUSD,721.96,1533305297375,0.01177276
671,A,GDAX,BCHUSD,721.96,1533305297375,0.01177041
672,A,GDAX,BCHUSD,721.96,1533305297403,0.02700872
673,A,GDAX,BCHUSD,721.96,1533305297403,0.01176994
674,A,GDAX,BCHUSD,721.96,1533305297403,0.0117722
675,A,GDAX,BCHUSD,721.96,1533305297403,0.01731079
676,A,GDAX,BCHUSD,721.96,1533305297403,0.03670333
677,A,GDAX,BCHUSD,721.96,1533305297403,0.01177056
678,A,GDAX,BCHUSD,721.96,1533305297403,0.02423568
679,A,GDAX,BCHUSD,721.96,1533305297403,0.01177129
680,A,GDAX,BCHUSD,721.96,1533305297403,0.011769400000000001
681,A,GDAX,BCHUSD,721.96,1533305297404,0.10529345
682,A,GDAX,BCHUSD,721.96,1533305315827,0.01241783
683,A,BITF,BCHUSD,721.31,1533305322268,0.17254357
684,A,BITF,BCHUSD,721.31,1533305323710,0.08612507
685,A,GDAX,BCHUSD,721.96,1533305356547,2.17278889
686,A,GDAX,BCHUSD,721.96,1533305380046,0.01861985
687,A,BITF,BCHUSD,721.53,1533305386559,0.18198423
688,A,GDAX,BCHUSD,721.96,1533305400022,0.0316
689,A,BITF,BCHUSD,721.53,1533305407937,0.17248105
690,A,BITF,BCHUSD,721.53,1533305411584,0.1
691,A,GDAX,BCHUSD,721.96,1533305413238,3.40927998
692,A,GDAX,BCHUSD,721.96,1533305413238,0.02
693,A,GDAX,BCHUSD,721.96,1533305413259,0.01177342
694,A,GDAX,BCHUSD,721.96,1533305413259,0.01454177
695,A,GDAX,BCHUSD,721.96,1533305413259,0.04778259
696,A,GDAX,BCHUSD,721.96,1533305413259,0.02146912
697,A,GDAX,BCHUSD,721.96,1533305413260,0.022851
698,A,GDAX,BCHUSD,721.96,1533305413260,0.01177084
699,A,GDAX,BCHUSD,721.96,1533305413260,0.01177311
700,A,GDAX,BCHUSD,721.96,1533305413260,0.02008313
701,A,GDAX,BCHUSD,721.96,1533305413260,4.20043
702,A,GDAX,BCHUSD,721.96,1533305413260,0.02423694
703,A,GDAX,BCHUSD,721.96,1533305413260,0.0186987
704,A,GDAX,BCHUSD,721.96,1533305413260,0.01454141
705,A,GDAX,BCHUSD,721.96,1533305413260,0.01454205
706,A,GDAX,BCHUSD,721.96,1533305413260,0.02423745
707,A,GDAX,BCHUSD,721.96,1533305413260,0.02285384
708,A,GDAX,BCHUSD,721.96,1533305413260,0.01315799
709,A,GDAX,BCHUSD,721.96,1533305413260,0.01454242
710,A,GDAX,BCHUSD,721.96,1533305413260,0.01731148
711,A,GDAX,BCHUSD,721.96,1533305413260,0.02700799
712,A,GDAX,BCHUSD,721.96,1533305413260,0.01177307
713,A,GDAX,BCHUSD,721.96,1533305413261,0.01177042
714,A,GDAX,BCHUSD,721.96,1533305413261,0.01592641
715,A,GDAX,BCHUSD,721.96,1533305413261,0.04224287
716,A,GDAX,BCHUSD,721.97,1533305413261,0.03531659
717,A,GDAX,BCHUSD,721.98,1533305413261,0.0256207
718,A,GDAX,BCHUSD,721.99,1533305413261,0.02423562
719,A,GDAX,BCHUSD,722.0,1533305413261,0.0515
720,A,GDAX,BCHUSD,722.33,1533305413261,1.0
721,A,GDAX,BCHUSD,722.53,1533305413261,0.01
722,A,GDAX,BCHUSD,722.53,1533305413261,0.01
723,A,GDAX,BCHUSD,722.69,1533305413261,0.05
724,A,GDAX,BCHUSD,722.69,1533305413261,0.89911891
725,A,BITF,BCHUSD,721.53,1533305415965,0.1
726,A,BITF,BCHUSD,721.53,1533305421937,0.1
727,A,BITF,BCHUSD,721.53,1533305427180,0.1
728,A,BITF,BCHUSD,721.53,1533305432977,0.1
729,A,GDAX,BCHUSD,722.69,1533305440912,0.02559547
730,A,GDAX,BCHUSD,722.69,1533305440912,0.01175821
731,A,GDAX,BCHUSD,722.69,1533305440914,0.02698141
732,A,GDAX,BCHUSD,722.69,1533305440915,0.01176128
733,A,GDAX,BCHUSD,722.69,1533305440915,0.01314383
734,A,GDAX,BCHUSD,722.69,1533305440916,0.01175965
735,A,GDAX,BCHUSD,722.69,1533305440917,0.1
736,A,GDAX,BCHUSD,722.7,1533305440918,2.16274331
737,A,BITF,BCHUSD,721.53,1533305444262,0.18838768
738,A,BITF,BCHUSD,721.53,1533305444280,0.38311232
739,A,GDAX,BCHUSD,722.69,1533305444310,0.01175774
740,A,GDAX,BCHUSD,722.69,1533305444310,0.01729347
741,A,GDAX,BCHUSD,722.7,1533305444310,0.20284879
742,A,GDAX,BCHUSD,722.7,1533305444373,0.0138
743,A,BITF,BCHUSD,721.53,1533305444411,4.664
744,A,GDAX,BCHUSD,722.7,1533305444505,7.9356079
745,A,GDAX,BCHUSD,722.89,1533305444516,1.0
746,A,GDAX,BCHUSD,722.89,1533305444546,6.6062
747,A,GDAX,BCHUSD,722.89,1533305444553,0.0938
748,A,GDAX,BCHUSD,722.95,1533305444555,4.9062
749,A,BITF,BCHUSD,721.53,1533305444672,10.0
750,A,BITF,BCHUSD,721.54,1533305444672,0.25
751,A,GDAX,BCHUSD,722.95,1533305444685,0.0938
752,A,GDAX,BCHUSD,723.0,1533305444685,0.6607
753,A,GDAX,BCHUSD,723.0,1533305444685,0.3393
754,A,GDAX,BCHUSD,723.22,1533305444686,1.93581037
755,A,BITF,BCHUSD,721.55,1533305444697,0.414408
756,A,BITF,BCHUSD,721.55,1533305444697,0.999842
757,A,BITF,BCHUSD,721.68,1533305445143,0.25
758,A,BITF,BCHUSD,721.81,1533305446940,0.025
759,A,BITF,BCHUSD,721.81,1533305452999,0.225
760,A,BITF,BCHUSD,721.97,1533305452999,0.06960149
761,A,BITF,BCHUSD,721.99,1533305452999,0.72519851
762,A,BITF,BCHUSD,721.99,1533305455598,0.7166
763,A,GDAX,BCHUSD,723.22,1533305456974,0.8611
764,A,BITF,BCHUSD,721.99,1533305460150,0.25885488
765,A,BITF,BCHUSD,721.99,1533305461953,0.16446344
766,A,BITF,BCHUSD,721.99,1533305461953,0.16623656
767,A,BITF,BCHUSD,721.99,1533305462853,0.08376344
768,A,BITF,BCHUSD,722.0,1533305462853,1.25303656
769,A,BITF,BCHUSD,722.0,1533305467881,0.02724535
770,A,BITF,BCHUSD,722.0,1533305470055,3.0
771,A,GDAX,BCHUSD,723.22,1533305492308,2.0
772,A,GDAX,BCHUSD,723.22,1533305492350,0.06892847
773,A,GDAX,BCHUSD,723.22,1533305494935,1.35562887
774,A,BITF,BCHUSD,722.0,1533305501462,1.105
775,A,GDAX,BCHUSD,723.22,1533305505776,0.06605341
776,A,BITF,BCHUSD,722.0,1533305506210,2.0
777,A,BITF,BCHUSD,722.0,1533305525809,2.0
778,A,BITF,BCHUSD,722.0,1533305547078,0.02
779,A,GDAX,BCHUSD,723.22,1533305549061,0.01174981
780,A,GDAX,BCHUSD,723.22,1533305549062,0.01174916
781,A,GDAX,BCHUSD,723.22,1533305549063,0.01175295
782,A,GDAX,BCHUSD,723.22,1533305549065,0.01728346
783,A,GDAX,BCHUSD,723.22,1533305549067,0.01351803
784,A,GDAX,BCHUSD,723.22,1533305553031,0.00099946
785,A,GDAX,BCHUSD,723.22,1533305553031,0.02419474
786,A,GDAX,BCHUSD,723.22,1533305553031,0.01175265
787,A,GDAX,BCHUSD,723.22,1533305553034,0.0047273
788,A,GDAX,BCHUSD,723.22,1533305577450,0.01117254
789,A,GDAX,BCHUSD,723.22,1533305577450,0.01175098
790,A,GDAX,BCHUSD,723.22,1533305577456,0.02557787
791,A,GDAX,BCHUSD,723.22,1533305577456,0.01175045
792,A,GDAX,BCHUSD,723.22,1533305577456,0.1
793,A,GDAX,BCHUSD,723.22,1533305577457,0.02281431
794,A,GDAX,BCHUSD,723.22,1533305577459,0.01728096
795,A,GDAX,BCHUSD,723.22,1533305577460,0.02419476
796,A,GDAX,BCHUSD,723.22,1533305577464,0.01175227
797,A,GDAX,BCHUSD,723.22,1533305577464,0.01175287
798,A,GDAX,BCHUSD,723.22,1533305577464,0.02557838
799,A,GDAX,BCHUSD,723.22,1533305577464,0.01866592
800,A,GDAX,BCHUSD,723.22,1533305577464,0.0214304
801,A,GDAX,BCHUSD,723.22,1533305577467,0.01589942
802,A,GDAX,BCHUSD,723.22,1533305577468,3.63948552
803,A,GDAX,BCHUSD,723.22,1533305585585,1.03968948
804,A,GDAX,BCHUSD,723.22,1533305601023,0.02557939
805,A,GDAX,BCHUSD,723.22,1533305601024,0.01589933
806,A,GDAX,BCHUSD,723.22,1533305601025,0.02004668
807,A,GDAX,BCHUSD,723.22,1533305601025,0.01174896
808,A,GDAX,BCHUSD,723.22,1533305601026,0.022813800000000002
809,A,GDAX,BCHUSD,723.22,1533305601027,0.02143002
810,A,GDAX,BCHUSD,723.22,1533305601027,0.01175046
811,A,GDAX,BCHUSD,723.22,1533305601028,0.01175044
812,A,GDAX,BCHUSD,723.22,1533305601028,0.01590082
813,A,GDAX,BCHUSD,723.22,1533305601034,0.01174939
814,A,GDAX,BCHUSD,723.22,1533305601034,0.01175276
815,A,GDAX,BCHUSD,723.22,1533305601034,0.01589782
816,A,GDAX,BCHUSD,723.22,1533305601034,0.011750299999999998
817,A,GDAX,BCHUSD,723.22,1533305601034,0.01313468
818,A,GDAX,BCHUSD,723.22,1533305601034,0.04631789
819,A,GDAX,BCHUSD,723.22,1533305601036,0.02143021
820,A,GDAX,BCHUSD,723.22,1533305601036,0.024197299999999998
821,A,GDAX,BCHUSD,723.22,1533305601036,0.01175124
822,A,GDAX,BCHUSD,723.22,1533305601036,0.01400573
823,A,BITF,BCHUSD,722.0,1533305606690,0.59471809
824,A,BITF,BCHUSD,722.0,1533305606690,59.40528191
825,A,BITF,BCHUSD,722.0,1533305610529,29.99999999
826,A,GDAX,BCHUSD,723.22,1533305620473,0.00327445
827,A,GDAX,BCHUSD,723.22,1533305620474,0.01175098
828,A,GDAX,BCHUSD,723.22,1533305620474,0.01728161
829,A,GDAX,BCHUSD,723.22,1533305620475,0.01727985
830,A,GDAX,BCHUSD,723.22,1533305620477,0.02004519
831,A,GDAX,BCHUSD,723.22,1533305620478,0.017280200000000003
832,A,GDAX,BCHUSD,723.22,1533305620479,0.040788
833,A,GDAX,BCHUSD,723.22,1533305620480,0.01728293
834,A,GDAX,BCHUSD,723.23,1533305620480,0.02004529
835,A,GDAX,BCHUSD,723.24,1533305620481,0.0060715000000000005
836,A,GDAX,BCHUSD,723.24,1533305629158,0.01120825
837,A,GDAX,BCHUSD,723.24,1533305629158,0.00879175
838,A,GDAX,BCHUSD,723.24,1533305629158,0.00572272
839,A,GDAX,BCHUSD,723.24,1533305629161,0.01427728
840,A,GDAX,BCHUSD,723.24,1533305629171,0.03757222
841,A,GDAX,BCHUSD,723.24,1533305629173,0.02419351
842,A,GDAX,BCHUSD,723.24,1533305629176,0.02281392
843,A,GDAX,BCHUSD,723.25,1533305629176,0.02696111
844,A,GDAX,BCHUSD,723.26,1533305629176,0.01174902
845,A,GDAX,BCHUSD,723.27,1533305629206,0.02142781
846,A,GDAX,BCHUSD,723.27,1533305629206,4.78397219
847,A,GDAX,BCHUSD,723.27,1533305629225,2.781e-05
848,A,GDAX,BCHUSD,723.28,1533305629225,0.01175056
849,A,GDAX,BCHUSD,723.29,1533305629225,0.02833963
850,A,GDAX,BCHUSD,723.3,1533305629225,0.018482
851,A,GDAX,BCHUSD,723.3,1533305629226,0.00018231
852,A,GDAX,BCHUSD,723.31,1533305629226,0.39981769
853,A,BITF,BCHUSD,722.0,1533305629619,4.784
854,A,BITF,BCHUSD,722.0,1533305630750,0.49510723
855,A,BITF,BCHUSD,722.02,1533305631776,0.17232384
856,A,BITF,BCHUSD,722.02,1533305631810,0.08617616
857,A,BITF,BCHUSD,722.02,1533305632356,0.11091116
858,A,BITF,BCHUSD,722.02,1533305632768,0.18634
859,A,BITF,BCHUSD,722.02,1533305643682,5.09e-06
860,A,BITF,BCHUSD,722.44,1533305644459,0.02397961
861,A,BITF,BCHUSD,722.44,1533305648376,0.11084668
862,A,GDAX,BCHUSD,723.31,1533305651080,0.00018231
863,A,GDAX,BCHUSD,723.31,1533305651080,0.0117494
864,A,GDAX,BCHUSD,723.31,1533305651080,0.72210651
865,A,BITF,BCHUSD,722.44,1533305652463,0.11084668
866,A,BITS,BCHUSD,722.99,1533305654246,0.01590444
867,A,BITS,BCHUSD,722.99,1533305654325,0.01590445
868,A,BITS,BCHUSD,722.99,1533305654411,0.02005269
869,A,BITS,BCHUSD,722.99,1533305654490,0.00898896
870,A,BITS,BCHUSD,722.99,1533305654571,0.00898771
871,A,BITS,BCHUSD,722.99,1533305654657,0.02420155
872,A,BITS,BCHUSD,722.99,1533305654739,0.01728798
873,A,BITS,BCHUSD,722.99,1533305654814,0.05048271
874,A,BITS,BCHUSD,722.99,1533305654906,0.02697063
875,A,BITS,BCHUSD,722.99,1533305654975,0.02697064
876,A,BITS,BCHUSD,723.8,1533305655057,2.504
877,A,BITF,BCHUSD,722.44,1533305655290,0.021
878,A,GDAX,BCHUSD,723.31,1533305656729,0.77789349
879,A,GDAX,BCHUSD,723.31,1533305656731,0.02695733
880,A,GDAX,BCHUSD,723.55,1533305656731,0.0145112
881,A,GDAX,BCHUSD,723.56,1533305656733,0.02280326
882,A,GDAX,BCHUSD,723.57,1533305656734,0.01174482
883,A,GDAX,BCHUSD,723.58,1533305656734,0.01312576
884,A,GDAX,BCHUSD,723.59,1533305656735,0.042152999999999996
885,A,GDAX,BCHUSD,724.01,1533305656736,0.09788738
886,A,BITS,BCHUSD,724.29,1533305657389,2.28
887,A,BITF,BCHUSD,722.44,1533305657481,0.14336103
888,A,BITF,BCHUSD,722.49,1533305657481,0.02
889,A,BITF,BCHUSD,722.5,1533305657481,0.16915141
890,A,BITF,BCHUSD,722.5,1533305661351,0.33251244
891,A,GDAX,BCHUSD,723.32,1533305667703,3.0
892,A,GDAX,BCHUSD,723.32,1533305667703,0.01174935
893,A,GDAX,BCHUSD,723.32,1533305667703,1.5
894,A,GDAX,BCHUSD,723.94,1533305667703,0.04903685
895,A,GDAX,BCHUSD,723.95,1533305667703,0.02140827
896,A,GDAX,BCHUSD,723.96,1533305667705,0.01173988
897,A,GDAX,BCHUSD,723.97,1533305667705,0.03936315
898,A,GDAX,BCHUSD,723.99,1533305667705,5.672999999999999
899,A,GDAX,BCHUSD,724.01,1533305667706,2.75114919
900,A,BITF,BCHUSD,722.5,1533305673663,0.02799003
901,A,GDAX,BCHUSD,723.93,1533305681063,0.01726639
902,A,GDAX,BCHUSD,723.94,1533305681064,0.01864441
903,A,GDAX,BCHUSD,723.95,1533305681065,0.02693434
904,A,GDAX,BCHUSD,723.97,1533305681066,0.02002617
905,A,GDAX,BCHUSD,723.99,1533305681067,0.02278687
906,A,GDAX,BCHUSD,724.1,1533305681068,0.01449736
907,A,GDAX,BCHUSD,724.11,1533305681071,0.02278359
908,A,GDAX,BCHUSD,724.12,1533305681072,0.02692581
909,A,GDAX,BCHUSD,724.12,1533305681073,0.17108199999999998
910,A,GDAX,BCHUSD,724.13,1533305681074,0.02554417
911,A,GDAX,BCHUSD,724.16,1533305681076,0.32194320000000004
912,A,GDAX,BCHUSD,724.16,1533305700297,0.011735200000000001
913,A,GDAX,BCHUSD,724.16,1533305700297,0.01587785
914,A,GDAX,BCHUSD,724.16,1533305700298,1.32625614
915,A,BITF,BCHUSD,722.5,1533305700713,0.46334332
916,A,BITF,BCHUSD,722.69,1533305702964,0.10093741
917,A,BITF,BCHUSD,722.79,1533305702974,0.02
918,A,BITF,BCHUSD,722.84,1533305702974,0.02906259
919,A,BITF,BCHUSD,722.98,1533305710304,0.02
920,A,BITF,BCHUSD,723.0,1533305710304,6.03629687
921,A,BITF,BCHUSD,723.09,1533305720848,0.02
922,A,BITF,BCHUSD,723.1,1533305720857,1.0
923,A,BITF,BCHUSD,723.16,1533305720857,0.2
924,A,BITF,BCHUSD,723.44,1533305720857,5.1825
925,A,GDAX,BCHUSD,724.16,1533305721230,0.01864134
926,A,GDAX,BCHUSD,724.16,1533305721237,0.01311736
927,A,GDAX,BCHUSD,724.16,1533305721237,0.01173398
928,A,GDAX,BCHUSD,724.16,1533305721237,0.00650732
929,A,BITF,BCHUSD,723.38,1533305721481,1.4
930,A,GDAX,BCHUSD,724.16,1533305727634,0.00937165
931,A,GDAX,BCHUSD,724.16,1533305727634,0.01863832
932,A,GDAX,BCHUSD,724.16,1533305727634,0.01725891
933,A,GDAX,BCHUSD,724.16,1533305727634,0.0214039
934,A,GDAX,BCHUSD,724.16,1533305727634,0.0117376
935,A,GDAX,BCHUSD,724.16,1533305727634,0.01864152
936,A,GDAX,BCHUSD,724.16,1533305727634,0.58264323
937,A,GDAX,BCHUSD,724.16,1533305727634,0.02416327
938,A,GDAX,BCHUSD,724.16,1533305727634,1.66170313
939,A,GDAX,BCHUSD,724.16,1533305727634,0.02002067
940,A,GDAX,BCHUSD,724.16,1533305727634,0.01173685
941,A,GDAX,BCHUSD,724.16,1533305727634,0.01173438
942,A,GDAX,BCHUSD,724.16,1533305727634,0.02692452
943,A,GDAX,BCHUSD,724.16,1533305727634,0.01173677
944,A,GDAX,BCHUSD,724.16,1533305727634,0.02278114
945,A,GDAX,BCHUSD,724.16,1533305727634,0.0172607
946,A,GDAX,BCHUSD,724.16,1533305727634,0.01173581
947,A,GDAX,BCHUSD,724.16,1533305727634,0.011737299999999999
948,A,GDAX,BCHUSD,724.16,1533305727634,0.01173692
949,A,GDAX,BCHUSD,724.16,1533305727634,0.01173452
950,A,GDAX,BCHUSD,724.16,1533305727634,0.01173678
951,A,GDAX,BCHUSD,724.16,1533305727635,0.01863825
952,A,GDAX,BCHUSD,724.17,1533305727635,0.05178114
953,A,GDAX,BCHUSD,724.18,1533305727635,0.01863843
954,A,GDAX,BCHUSD,724.19,1533305727635,0.01725941
955,A,GDAX,BCHUSD,724.2,1533305727635,0.01173545
956,A,GDAX,BCHUSD,724.21,1533305727635,0.01173441
957,A,GDAX,BCHUSD,724.22,1533305727635,1.0
958,A,GDAX,BCHUSD,724.22,1533305727635,0.09963860000000001
959,A,GDAX,BCHUSD,724.46,1533305727635,0.06630933
960,A,GDAX,BCHUSD,724.48,1533305727635,4.0
961,A,GDAX,BCHUSD,724.51,1533305727635,0.11847338
962,A,BITF,BCHUSD,723.43,1533305734775,0.02
963,A,BITF,BCHUSD,723.44,1533305734775,3.2192
964,A,BITF,BCHUSD,723.44,1533305735056,1.5983
965,A,GDAX,BCHUSD,724.21,1533305747887,0.01725925
966,A,GDAX,BCHUSD,724.37,1533305747889,0.01587223
967,A,GDAX,BCHUSD,724.39,1533305747889,0.02691895
968,A,GDAX,BCHUSD,724.4,1533305747890,0.02139372
969,A,GDAX,BCHUSD,724.41,1533305747891,0.0407192
970,A,GDAX,BCHUSD,724.42,1533305747892,0.02415324
971,A,GDAX,BCHUSD,724.43,1533305747897,0.01172999
972,A,GDAX,BCHUSD,724.44,1533305747897,0.02691644
973,A,GDAX,BCHUSD,724.45,1533305747897,0.01725113
974,A,GDAX,BCHUSD,724.46,1533305747897,0.02139305
975,A,GDAX,BCHUSD,724.47,1533305747897,0.01173176
976,A,GDAX,BCHUSD,724.48,1533305747898,0.01725214
977,A,GDAX,BCHUSD,724.48,1533305747901,0.7474089
978,A,BITF,BCHUSD,723.53,1533305751862,0.2
979,A,BITF,BCHUSD,723.57,1533305751862,0.01
980,A,GDAX,BCHUSD,724.33,1533305789070,0.02415802
981,A,GDAX,BCHUSD,724.33,1533305789072,0.01173104
982,A,GDAX,BCHUSD,724.33,1533305789072,0.0117333
983,A,GDAX,BCHUSD,724.33,1533305789072,0.02554068
984,A,GDAX,BCHUSD,724.33,1533305789073,0.02692015
985,A,GDAX,BCHUSD,724.33,1533305789078,0.02553892
986,A,GDAX,BCHUSD,724.33,1533305789078,0.01173118
987,A,GDAX,BCHUSD,724.33,1533305789078,0.02553925
988,A,GDAX,BCHUSD,724.34,1533305789078,0.01311379
989,A,GDAX,BCHUSD,724.35,1533305789078,0.02001551
990,A,GDAX,BCHUSD,724.36,1533305789079,0.02139427
991,A,GDAX,BCHUSD,724.37,1533305789079,0.01725433
992,A,GDAX,BCHUSD,724.38,1533305789080,0.013114500000000001
993,A,GDAX,BCHUSD,724.39,1533305789080,0.01725561
994,A,GDAX,BCHUSD,724.4,1533305789081,0.01863433
995,A,GDAX,BCHUSD,724.41,1533305789087,0.01173239
996,A,GDAX,BCHUSD,724.42,1533305789087,0.03796044
997,A,GDAX,BCHUSD,724.43,1533305789087,0.01173304
998,A,GDAX,BCHUSD,724.44,1533305789087,0.03519547
999,A,GDAX,BCHUSD,724.45,1533305789087,0.02139406
1000,A,GDAX,BCHUSD,724.46,1533305789087,0.02277182
1001,A,GDAX,BCHUSD,724.47,1533305789087,0.03381721
1002,A,GDAX,BCHUSD,724.48,1533305789087,0.01172844
1003,A,GDAX,BCHUSD,724.49,1533305789089,0.02001097
1004,A,GDAX,BCHUSD,724.5,1533305789089,0.01724928
1005,A,GDAX,BCHUSD,724.51,1533305789094,0.742732
1006,A,GDAX,BCHUSD,724.51,1533305790820,1.0
1007,A,GDAX,BCHUSD,724.51,1533305791865,0.02542751
1008,A,BITS,BCHUSD,724.51,1533305803978,0.15
1009,A,GDAX,BCHUSD,724.46,1533305804602,0.02553487
1010,A,GDAX,BCHUSD,724.47,1533305804602,0.01172897
1011,A,GDAX,BCHUSD,724.48,1533305804602,0.01233616
1012,A,BITS,BCHUSD,724.35,1533305814498,0.05
1013,A,GDAX,BCHUSD,724.47,1533305816133,0.02829563
1014,A,GDAX,BCHUSD,724.47,1533305816133,0.24228818
1015,A,GDAX,BCHUSD,724.48,1533305822839,0.01319753
1016,A,GDAX,BCHUSD,724.48,1533305822840,0.00535781
1017,A,GDAX,BCHUSD,724.43,1533305828236,0.2705
1018,A,BITF,BCHUSD,723.59,1533305864467,0.83085298
1019,A,BITF,BCHUSD,723.59,1533305864489,0.38
1020,A,BITF,BCHUSD,723.59,1533305864489,0.267
1021,A,BITF,BCHUSD,723.7,1533305864489,0.02493
1022,A,BITF,BCHUSD,723.7,1533305864496,0.15349992
1023,A,GDAX,BCHUSD,724.32,1533305886654,0.01173467
1024,A,GDAX,BCHUSD,724.33,1533305886654,0.01725688
1025,A,GDAX,BCHUSD,724.42,1533305886655,0.02691766
1026,A,GDAX,BCHUSD,724.45,1533305886658,0.02691416
1027,A,GDAX,BCHUSD,724.46,1533305886658,0.02415223
1028,A,GDAX,BCHUSD,724.47,1533305886658,0.02001282
1029,A,GDAX,BCHUSD,724.49,1533305886663,0.02691212
1030,A,GDAX,BCHUSD,724.49,1533305886663,0.03317342
1031,A,GDAX,BCHUSD,724.5,1533305886663,0.01725173
1032,A,GDAX,BCHUSD,724.51,1533305886663,3.11336711
1033,A,GDAX,BCHUSD,724.51,1533305886663,0.01172868
1034,A,GDAX,BCHUSD,724.52,1533305886663,0.02829216
1035,A,GDAX,BCHUSD,724.53,1533305886663,0.02553139
1036,A,GDAX,BCHUSD,724.54,1533305886669,0.02277039
1037,A,GDAX,BCHUSD,724.59,1533305886669,0.01310924
1038,A,GDAX,BCHUSD,724.62,1533305886669,0.01310852
1039,A,GDAX,BCHUSD,724.65,1533305886669,0.01310846
1040,A,GDAX,BCHUSD,724.67,1533305886669,0.01724575
1041,A,GDAX,BCHUSD,724.68,1533305886669,0.01724593
1042,A,GDAX,BCHUSD,724.69,1533305886671,0.02138481
1043,A,GDAX,BCHUSD,724.7,1533305886671,0.01172749
1044,A,GDAX,BCHUSD,724.72,1533305886671,0.01172773
1045,A,GDAX,BCHUSD,724.73,1533305886672,0.02552602
1046,A,GDAX,BCHUSD,724.74,1533305886682,0.01172612
1047,A,GDAX,BCHUSD,724.75,1533305886682,0.02552293
1048,A,GDAX,BCHUSD,724.76,1533305886684,0.01586592
1049,A,GDAX,BCHUSD,724.77,1533305886684,0.01172388
1050,A,GDAX,BCHUSD,724.83,1533305886684,0.08
1051,A,GDAX,BCHUSD,724.84,1533305886687,0.137961
1052,A,GDAX,BCHUSD,724.88,1533305886687,6.167999999999999
1053,A,GDAX,BCHUSD,724.95,1533305886687,5.846
1054,A,GDAX,BCHUSD,724.98,1533305886687,4.0
1055,A,GDAX,BCHUSD,725.0,1533305886688,0.5
1056,A,GDAX,BCHUSD,725.0,1533305886688,0.2
1057,A,GDAX,BCHUSD,725.0,1533305886691,0.4
1058,A,GDAX,BCHUSD,725.0,1533305886692,1.0
1059,A,GDAX,BCHUSD,725.0,1533305886693,0.025
1060,A,GDAX,BCHUSD,725.05,1533305886694,0.05
1061,A,GDAX,BCHUSD,725.18,1533305886697,5.48431878
1062,A,BITF,BCHUSD,723.7,1533305889103,0.66426008
1063,A,BITF,BCHUSD,723.74,1533305889132,1.675775
1064,A,BITF,BCHUSD,723.76,1533305889132,1.28116492
1065,A,BITS,BCHUSD,724.74,1533305910891,0.01379806
1066,A,BITF,BCHUSD,723.89,1533305917695,0.25
1067,A,BITF,BCHUSD,723.9,1533305917695,1.7
1068,A,GDAX,BCHUSD,724.94,1533305932021,0.01172178
1069,A,GDAX,BCHUSD,724.94,1533305932027,0.02137877
1070,A,GDAX,BCHUSD,724.94,1533305932027,0.02000084
1071,A,GDAX,BCHUSD,724.94,1533305932027,0.0158627
1072,A,GDAX,BCHUSD,724.94,1533305932027,0.01999909
1073,A,GDAX,BCHUSD,724.94,1533305932028,0.02413962
1074,A,GDAX,BCHUSD,724.94,1533305932028,0.02413898
1075,A,GDAX,BCHUSD,724.94,1533305932028,0.01172152
1076,A,GDAX,BCHUSD,724.94,1533305932028,0.01172373
1077,A,GDAX,BCHUSD,724.94,1533305932028,0.01172184
1078,A,GDAX,BCHUSD,724.94,1533305932028,0.01172484
1079,A,GDAX,BCHUSD,724.94,1533305932029,0.0158611
1080,A,GDAX,BCHUSD,724.94,1533305932030,0.02551872
1081,A,GDAX,BCHUSD,724.94,1533305932030,0.01172338
1082,A,GDAX,BCHUSD,724.95,1533305932032,0.01172328
1083,A,GDAX,BCHUSD,724.96,1533305932032,0.01172086
1084,A,GDAX,BCHUSD,724.97,1533305932032,0.33981009999999995
1085,A,GDAX,BCHUSD,724.97,1533305932034,0.33981009999999995
1086,A,GDAX,BCHUSD,725.26,1533305932034,0.02412723
1087,A,GDAX,BCHUSD,725.26,1533305932038,1.06351588
1088,A,GDAX,BCHUSD,725.25,1533305932279,0.02688567
1089,A,GDAX,BCHUSD,725.25,1533305933059,0.07310264
1090,A,GDAX,BCHUSD,725.23,1533305936537,0.01236678
1091,A,GDAX,BCHUSD,725.19,1533305945258,0.05170759
1092,A,GDAX,BCHUSD,725.22,1533305945258,0.019992199999999998
1093,A,GDAX,BCHUSD,725.27,1533305945258,0.01171775
1094,A,GDAX,BCHUSD,725.28,1533305945258,0.01171947
1095,A,GDAX,BCHUSD,725.29,1533305945258,0.01171919
1096,A,GDAX,BCHUSD,725.3,1533305945258,0.01585512
1097,A,GDAX,BCHUSD,725.32,1533305945258,0.02964168
1098,A,GDAX,BCHUSD,725.35,1533305945260,0.01171581
1099,A,GDAX,BCHUSD,725.36,1533305945263,0.0199889
1100,A,GDAX,BCHUSD,725.37,1533305945263,0.01722984
1101,A,GDAX,BCHUSD,725.38,1533305945264,0.02412378
1102,A,GDAX,BCHUSD,725.38,1533305945265,0.00018867
1103,A,GDAX,BCHUSD,725.19,1533305955784,0.04528203
1104,A,BITF,BCHUSD,724.0,1533305963245,0.1
1105,A,BITF,BCHUSD,724.0,1533305963245,0.5
1106,A,BITF,BCHUSD,724.0,1533305963245,0.04744311
1107,A,BITF,BCHUSD,724.0,1533305963245,1.5
1108,A,BITF,BCHUSD,724.0,1533305981904,3.0
1109,A,GDAX,BCHUSD,725.19,1533305983870,0.01171791
1110,A,GDAX,BCHUSD,725.19,1533305983870,0.02274996
1111,A,GDAX,BCHUSD,725.19,1533305983870,0.02137104
1112,A,GDAX,BCHUSD,725.19,1533305983870,0.01
1113,A,GDAX,BCHUSD,725.2,1533305983870,0.0172352
1114,A,GDAX,BCHUSD,725.21,1533305983870,0.01171995
1115,A,GDAX,BCHUSD,725.22,1533305983870,0.02550783
1116,A,GDAX,BCHUSD,725.23,1533305983870,0.01171862
1117,A,GDAX,BCHUSD,725.24,1533305983871,0.01171696
1118,A,GDAX,BCHUSD,725.25,1533305983877,0.02688587
1119,A,GDAX,BCHUSD,725.26,1533305983877,0.02688598
1120,A,GDAX,BCHUSD,725.27,1533305983877,0.04342892
1121,A,GDAX,BCHUSD,725.33,1533305983877,0.02274815
1122,A,GDAX,BCHUSD,725.34,1533305983877,0.02412544
1123,A,GDAX,BCHUSD,725.35,1533305983877,0.01723069
1124,A,GDAX,BCHUSD,725.36,1533305983877,0.02274483
1125,A,GDAX,BCHUSD,725.37,1533305983877,0.01585272
1126,A,GDAX,BCHUSD,725.38,1533305983877,0.01171675
1127,A,GDAX,BCHUSD,725.39,1533305983877,0.01585075
1128,A,GDAX,BCHUSD,725.4,1533305983878,0.57561727
1129,A,BITF,BCHUSD,724.0,1533306002402,0.45255689
1130,A,BITF,BCHUSD,724.0,1533306002402,0.622084
1131,A,BITF,BCHUSD,724.0,1533306002402,1.72535911
1132,A,GDAX,BCHUSD,725.19,1533306023837,0.01999267
1133,A,GDAX,BCHUSD,725.19,1533306023860,0.98000733
1134,A,GDAX,BCHUSD,724.54,1533306059593,0.5
1135,A,GDAX,BCHUSD,724.56,1533306061077,0.0678
1136,A,GDAX,BCHUSD,724.53,1533306089786,2.0
1137,A,GDAX,BCHUSD,724.05,1533306103519,0.05229442
1138,A,GDAX,BCHUSD,723.78,1533306114966,0.018147999999999997
1139,A,GDAX,BCHUSD,723.78,1533306114967,0.011923999999999999
1140,A,GDAX,BCHUSD,723.78,1533306114968,0.17190581
1141,A,GDAX,BCHUSD,723.59,1533306142254,0.1
1142,A,GDAX,BCHUSD,723.73,1533306142255,0.0369
1143,A,GDAX,BCHUSD,723.73,1533306142256,0.059564
1144,A,GDAX,BCHUSD,723.78,1533306142257,0.01360719
1145,A,GDAX,BCHUSD,723.78,1533306142260,0.01770118
1146,A,GDAX,BCHUSD,724.15,1533306142260,0.41949995
1147,A,GDAX,BCHUSD,724.15,1533306142649,0.27626892
1148,A,BITF,BCHUSD,723.78,1533306165564,0.02323
1149,A,GDAX,BCHUSD,723.23,1533306185224,0.18523414
1150,A,GDAX,BCHUSD,723.23,1533306185229,0.07806586
1151,A,GDAX,BCHUSD,722.89,1533306194253,0.018147999999999997
1152,A,GDAX,BCHUSD,722.89,1533306195345,0.01192415
1153,A,GDAX,BCHUSD,722.89,1533306204720,0.13352981
1154,A,GDAX,BCHUSD,722.89,1533306206234,1.96071029
1155,A,BITF,BCHUSD,722.3,1533306208784,2.19
1156,A,GDAX,BCHUSD,722.89,1533306240303,0.1
1157,A,BITF,BCHUSD,722.33,1533306266816,0.0324
1158,A,BITF,BCHUSD,722.33,1533306266903,0.02
1159,A,BITF,BCHUSD,722.34,1533306266976,0.0076
1160,A,GDAX,BCHUSD,722.89,1533306271979,0.05231902
1161,A,GDAX,BCHUSD,722.89,1533306275745,0.33906193
1162,A,BITF,BCHUSD,722.17,1533306295077,1.0
1163,A,BITF,BCHUSD,722.21,1533306303561,1.1
1164,A,BITF,BCHUSD,722.21,1533306305271,1.0
1165,A,GDAX,BCHUSD,722.89,1533306305487,0.0465
1166,A,GDAX,BCHUSD,722.89,1533306310360,0.96543911
1167,A,BITS,BCHUSD,723.98,1533306359612,2.0
1168,A,GDAX,BCHUSD,722.89,1533306405683,0.13501638
1169,A,BITF,BCHUSD,722.12,1533306423969,0.05
1170,A,BITF,BCHUSD,722.12,1533306424268,1.2943799999999999
1171,A,BITF,BCHUSD,722.12,1533306424268,0.633156
1172,A,BITF,BCHUSD,722.12,1533306424268,0.019464
1173,A,GDAX,BCHUSD,722.89,1533306425836,0.02
1174,A,BITF,BCHUSD,722.12,1533306427225,0.000536
1175,A,BITF,BCHUSD,722.34,1533306427238,4.999464
1176,A,BITF,BCHUSD,722.34,1533306427472,8.052999999999999
1177,A,BITF,BCHUSD,722.34,1533306427771,0.66297
1178,A,BITF,BCHUSD,722.34,1533306427862,1.25
1179,A,BITF,BCHUSD,722.34,1533306428030,0.16
1180,A,BITF,BCHUSD,722.34,1533306429111,0.10351946
1181,A,BITF,BCHUSD,722.33,1533306447623,0.02
1182,A,BITF,BCHUSD,722.34,1533306447623,20.76344654
1183,A,BITF,BCHUSD,722.34,1533306447623,2.0
1184,A,BITF,BCHUSD,722.46,1533306454370,0.544937
1185,A,BITF,BCHUSD,722.68,1533306454370,0.0866452
1186,A,BITF,BCHUSD,722.83,1533306454370,0.47916000000000003
1187,A,BITF,BCHUSD,723.74,1533306454370,3.13
1188,A,GDAX,BCHUSD,722.89,1533306454424,2.5589
1189,A,BITF,BCHUSD,723.8,1533306454433,7.68113242
1190,A,GDAX,BCHUSD,722.89,1533306454433,5.78276356
1191,A,GDAX,BCHUSD,722.89,1533306454433,0.1
1192,A,GDAX,BCHUSD,722.89,1533306454433,0.93949946
1193,A,GDAX,BCHUSD,722.89,1533306454435,2.5098700000000003
1194,A,BITF,BCHUSD,723.0,1533306467314,0.43086
1195,A,GDAX,BCHUSD,722.92,1533306475809,0.33981009999999995
1196,A,GDAX,BCHUSD,722.92,1533306475809,0.33981009999999995
1197,A,GDAX,BCHUSD,723.01,1533306475809,0.1
1198,A,GDAX,BCHUSD,723.23,1533306475809,0.1
1199,A,GDAX,BCHUSD,723.3,1533306475809,2.7453798
1200,A,GDAX,BCHUSD,723.3,1533306475987,0.34299999999999997
1201,A,GDAX,BCHUSD,723.3,1533306478350,0.00093103
1202,A,GDAX,BCHUSD,723.3,1533306478350,0.74806897
1203,A,BITF,BCHUSD,723.52,1533306482597,0.27
1204,A,BITF,BCHUSD,723.77,1533306514453,0.02
1205,A,GDAX,BCHUSD,723.3,1533306526764,0.0660461
1206,A,GDAX,BCHUSD,723.3,1533306533590,0.13345412
1207,A,GDAX,BCHUSD,723.3,1533306540647,1.62494033
1208,A,GDAX,BCHUSD,723.3,1533306540996,0.02
1209,A,GDAX,BCHUSD,723.3,1533306541022,0.16489048
1210,A,GDAX,BCHUSD,724.01,1533306546305,0.033068
1211,A,GDAX,BCHUSD,724.01,1533306546305,0.033199
1212,A,GDAX,BCHUSD,724.15,1533306546305,0.067133
1213,A,GDAX,BCHUSD,724.15,1533306546656,0.04541099
1214,A,BITF,BCHUSD,723.73,1533306551150,0.491536
1215,A,BITF,BCHUSD,723.9,1533306551150,0.35
1216,A,BITF,BCHUSD,723.9,1533306551150,0.09
1217,A,BITS,BCHUSD,723.99,1533306551655,0.02278859
1218,A,BITS,BCHUSD,723.99,1533306551736,0.025552599999999998
1219,A,BITS,BCHUSD,723.99,1533306551820,0.00897502
1220,A,BITS,BCHUSD,723.99,1533306551907,0.01588156
1221,A,BITS,BCHUSD,723.99,1533306551987,0.01173813
1222,A,BITS,BCHUSD,723.99,1533306552060,0.01726212
1223,A,BITS,BCHUSD,723.99,1533306552190,0.01173733
1224,A,BITS,BCHUSD,723.99,1533306552227,0.01173734
1225,A,BITF,BCHUSD,724.01,1533306553379,0.05
1226,A,GDAX,BCHUSD,724.15,1533306568232,1.01541591
1227,A,BITF,BCHUSD,724.01,1533306576407,0.31827853
1228,A,GDAX,BCHUSD,724.15,1533306582220,0.98969353
1229,A,BITF,BCHUSD,724.01,1533306584972,2.90636236
1230,A,BITF,BCHUSD,724.6,1533306584972,5.0
1231,A,BITF,BCHUSD,724.66,1533306584972,0.31781
1232,A,BITF,BCHUSD,724.67,1533306584972,1.08771035
1233,A,BITF,BCHUSD,724.72,1533306584972,0.44739962
1234,A,BITF,BCHUSD,724.8,1533306584994,25.24071767
1235,A,BITF,BCHUSD,724.55,1533306586126,0.15
1236,A,BITS,BCHUSD,724.98,1533306588458,0.61914811
1237,A,BITF,BCHUSD,724.35,1533306589741,0.05
1238,A,BITF,BCHUSD,724.35,1533306603956,0.05
1239,A,BITF,BCHUSD,724.35,1533306605982,0.05
1240,A,BITF,BCHUSD,724.45,1533306613717,0.05
1241,A,BITF,BCHUSD,724.22,1533306619193,0.05
1242,A,GDAX,BCHUSD,724.15,1533306620522,1.39376113
1243,A,GDAX,BCHUSD,724.15,1533306634778,0.04535769
1244,A,GDAX,BCHUSD,724.15,1533306636581,0.21874775
1245,A,GDAX,BCHUSD,724.16,1533306636582,0.78125225
1246,A,GDAX,BCHUSD,724.16,1533306644665,0.21874775
1247,A,GDAX,BCHUSD,724.56,1533306644666,0.1
1248,A,GDAX,BCHUSD,724.89,1533306644667,0.05
1249,A,GDAX,BCHUSD,725.01,1533306644667,0.02137647
1250,A,GDAX,BCHUSD,725.09,1533306644669,0.01585598
1251,A,GDAX,BCHUSD,725.1,1533306644669,0.01861586
1252,A,GDAX,BCHUSD,725.11,1533306644672,0.01999321
1253,A,GDAX,BCHUSD,725.12,1533306644672,0.01585757
1254,A,GDAX,BCHUSD,725.13,1533306644672,0.01017576
1255,A,BITS,BCHUSD,724.99,1533306647264,0.02137691
1256,A,BITS,BCHUSD,724.99,1533306647351,0.021378900000000003
1257,A,BITS,BCHUSD,724.99,1533306647441,0.02551629
1258,A,BITS,BCHUSD,725.06,1533306647538,0.02
1259,A,BITS,BCHUSD,725.92,1533306647634,0.5417279
1260,A,BITF,BCHUSD,724.78,1533306655454,0.09
1261,A,GDAX,BCHUSD,724.91,1533306664545,0.01172162
1262,A,GDAX,BCHUSD,725.13,1533306664548,0.04291693
1263,A,GDAX,BCHUSD,725.14,1533306664548,0.01171914
1264,A,GDAX,BCHUSD,725.15,1533306664548,0.02413208
1265,A,GDAX,BCHUSD,725.16,1533306664549,0.01171986
1266,A,GDAX,BCHUSD,725.17,1533306664549,0.0117182
1267,A,GDAX,BCHUSD,725.26,1533306664550,0.02274879
1268,A,GDAX,BCHUSD,725.27,1533306664551,0.02412725
1269,A,GDAX,BCHUSD,725.28,1533306664551,0.02136848
1270,A,GDAX,BCHUSD,725.29,1533306664552,0.03240014
1271,A,GDAX,BCHUSD,725.3,1533306664552,0.02412642
1272,A,GDAX,BCHUSD,725.31,1533306664553,0.01309695
1273,A,GDAX,BCHUSD,725.32,1533306664553,0.02688229
1274,A,GDAX,BCHUSD,725.33,1533306664558,0.01309627
1275,A,GDAX,BCHUSD,725.34,1533306664558,0.01723195
1276,A,GDAX,BCHUSD,725.35,1533306664558,0.01171777
1277,A,GDAX,BCHUSD,725.36,1533306664558,0.01861036
1278,A,GDAX,BCHUSD,725.37,1533306664559,0.02274405
1279,A,GDAX,BCHUSD,725.38,1533306664579,0.03377480000000001
1280,A,GDAX,BCHUSD,725.38,1533306664579,8.59
1281,A,GDAX,BCHUSD,725.39,1533306664579,0.01414665
1282,A,GDAX,BCHUSD,725.22,1533306668093,0.01171939
1283,A,GDAX,BCHUSD,725.23,1533306668095,0.12022993
1284,A,BITF,BCHUSD,724.78,1533306670860,0.61678225
1285,A,BITF,BCHUSD,724.78,1533306670860,0.5
1286,A,BITF,BCHUSD,724.88,1533306670860,0.25
1287,A,BITF,BCHUSD,724.89,1533306670860,3.63321775
1288,A,GDAX,BCHUSD,725.22,1533306676133,0.01447771
1289,A,GDAX,BCHUSD,725.39,1533306676133,0.00308341
1290,A,GDAX,BCHUSD,725.39,1533306676133,0.01723009
1291,A,GDAX,BCHUSD,725.43,1533306676133,0.472496
1292,A,GDAX,BCHUSD,725.44,1533306676133,0.01309282
1293,A,GDAX,BCHUSD,725.45,1533306676133,0.01171494
1294,A,GDAX,BCHUSD,725.46,1533306676133,0.02274042
1295,A,GDAX,BCHUSD,725.47,1533306676133,0.05306515
1296,A,GDAX,BCHUSD,725.48,1533306676133,0.03376883
1297,A,GDAX,BCHUSD,725.49,1533306676140,0.03426664
1298,A,BITF,BCHUSD,724.81,1533306677142,0.02
1299,A,BITF,BCHUSD,724.54,1533306678507,0.2
1300,A,BITF,BCHUSD,724.87,1533306678507,2.7
1301,A,BITF,BCHUSD,724.89,1533306678507,6.36678225
1302,A,BITF,BCHUSD,724.94,1533306678507,1.21
1303,A,BITF,BCHUSD,724.95,1533306678507,7.5
1304,A,BITF,BCHUSD,724.99,1533306678507,11.0
1305,A,BITF,BCHUSD,725.0,1533306678507,6.68031919
1306,A,GDAX,BCHUSD,725.21,1533306700902,0.02592175
1307,A,GDAX,BCHUSD,725.21,1533306701192,0.02137185
1308,A,GDAX,BCHUSD,725.39,1533306701192,0.01171423
1309,A,GDAX,BCHUSD,725.42,1533306701192,0.33615700000000004
1310,A,GDAX,BCHUSD,725.43,1533306701192,0.18051654
1311,A,GDAX,BCHUSD,725.38,1533306718338,0.27022639
1312,A,GDAX,BCHUSD,725.21,1533306727986,1.00005058
1313,A,GDAX,BCHUSD,725.21,1533306729127,0.22128412
1314,A,GDAX,BCHUSD,725.21,1533306729127,0.11658234
1315,A,GDAX,BCHUSD,725.21,1533306738588,0.02539666
1316,A,GDAX,BCHUSD,725.21,1533306742979,0.01171996
1317,A,GDAX,BCHUSD,725.33,1533306742981,0.017232
1318,A,GDAX,BCHUSD,725.34,1533306742983,0.01723173
1319,A,GDAX,BCHUSD,725.38,1533306742984,0.29311631
1320,A,BITF,BCHUSD,725.01,1533306751184,0.47993166
1321,A,BITF,BCHUSD,725.01,1533306751184,0.38352389
1322,A,BITF,BCHUSD,725.1,1533306764413,2.0
1323,A,BITF,BCHUSD,725.1,1533306764413,2.7
1324,A,BITF,BCHUSD,725.1,1533306764423,3.5
1325,A,BITF,BCHUSD,725.1,1533306764423,1.8
1326,A,GDAX,BCHUSD,725.21,1533306766301,0.14513552
1327,A,GDAX,BCHUSD,725.21,1533306772763,0.27030771
1328,A,BITF,BCHUSD,725.01,1533306790972,0.1792
1329,A,GDAX,BCHUSD,725.21,1533306802313,0.1677
1330,A,GDAX,BCHUSD,725.21,1533306826896,0.26892857
1331,A,GDAX,BCHUSD,725.21,1533306826896,0.01447837
1332,A,GDAX,BCHUSD,725.21,1533306826896,2.2049578999999997
1333,A,BITF,BCHUSD,725.01,1533306885409,0.21208267
1334,A,BITF,BCHUSD,725.01,1533306885409,0.02
1335,A,BITF,BCHUSD,725.01,1533306885409,1.0899941
1336,A,BITS,BCHUSD,724.75,1533306895018,0.1219
1337,A,BITF,BCHUSD,725.01,1533306902882,0.625
1338,A,BITF,BCHUSD,725.01,1533306902882,0.25
1339,A,BITF,BCHUSD,725.01,1533306903089,6.0269
1340,A,BITF,BCHUSD,725.01,1533306903114,0.6940109999999999
1341,A,BITF,BCHUSD,725.01,1533306903114,0.50419827
1342,A,BITF,BCHUSD,725.01,1533306903114,2.653
1343,A,BITF,BCHUSD,725.07,1533306903472,0.125
1344,A,BITF,BCHUSD,725.07,1533306903588,0.122
1345,A,GDAX,BCHUSD,725.21,1533306903944,0.02
1346,A,GDAX,BCHUSD,725.21,1533306904023,0.02
1347,A,BITS,BCHUSD,724.75,1533306904391,0.1681
1348,A,BITF,BCHUSD,725.17,1533306960766,6.89515
1349,A,BITF,BCHUSD,725.17,1533306960789,3.10485
1350,A,BITF,BCHUSD,725.17,1533307003002,1.020191
1351,A,BITF,BCHUSD,725.17,1533307003002,1.979809
1352,A,BITF,BCHUSD,725.17,1533307009990,7.5
1353,A,GDAX,BCHUSD,725.21,1533307036168,0.18941809
1354,A,BITF,BCHUSD,725.29,1533307039346,7.5
1355,A,BITF,BCHUSD,725.33,1533307039346,0.409217
1356,A,BITF,BCHUSD,725.62,1533307039346,8.5
1357,A,BITF,BCHUSD,725.74,1533307039346,0.52681
1358,A,BITF,BCHUSD,725.78,1533307039346,0.44742438
1359,A,BITF,BCHUSD,725.79,1533307039346,0.1448
1360,A,BITF,BCHUSD,725.97,1533307039346,3.91968195
1361,A,GDAX,BCHUSD,725.21,1533307071929,0.03843114
1362,A,BITF,BCHUSD,725.45,1533307079148,7.5
1363,A,GDAX,BCHUSD,725.21,1533307095368,1.00368195
1364,A,GDAX,BCHUSD,725.21,1533307131597,3.39514009
1365,A,GDAX,BCHUSD,725.21,1533307131597,0.0213715
1366,A,GDAX,BCHUSD,725.21,1533307131597,2.44897161
1367,A,BITS,BCHUSD,725.98,1533307131949,0.3
1368,A,GDAX,BCHUSD,725.21,1533307140015,0.26388651
1369,A,GDAX,BCHUSD,725.21,1533307173403,2.28714188
1370,A,GDAX,BCHUSD,725.21,1533307173403,0.02412763
1371,A,GDAX,BCHUSD,725.24,1533307173403,0.01999236
1372,A,GDAX,BCHUSD,725.24,1533307173403,0.33981009999999995
1373,A,GDAX,BCHUSD,725.24,1533307173403,0.33981009999999995
1374,A,GDAX,BCHUSD,725.24,1533307173403,0.33981009999999995
1375,A,GDAX,BCHUSD,725.24,1533307173403,0.33981009999999995
1376,A,GDAX,BCHUSD,725.24,1533307173404,0.33981009999999995
1377,A,GDAX,BCHUSD,725.25,1533307173404,0.01723351
1378,A,GDAX,BCHUSD,725.25,1533307173404,0.95245412
1379,A,BITS,BCHUSD,725.98,1533307234032,1.4
1380,A,GDAX,BCHUSD,725.24,1533307246500,0.26387559
1381,A,BITF,BCHUSD,725.33,1533307261966,0.01455251
1382,A,BITF,BCHUSD,725.33,1533307262544,0.10390734
1383,A,GDAX,BCHUSD,725.24,1533307272081,0.02539561
1384,A,BITF,BCHUSD,724.93,1533307312008,0.1
1385,A,GDAX,BCHUSD,725.24,1533307317229,0.0311
1386,A,BITF,BCHUSD,724.99,1533307322927,0.34402232
1387,A,BITF,BCHUSD,725.0,1533307322927,0.07043142
1388,A,BITF,BCHUSD,725.0,1533307324590,0.1
1389,A,BITF,BCHUSD,724.94,1533307329633,0.23066575
1390,A,BITF,BCHUSD,725.0,1533307329660,1.76413425
1391,A,BITF,BCHUSD,725.0,1533307330337,0.1
1392,A,BITF,BCHUSD,725.0,1533307336273,0.1
1393,A,BITF,BCHUSD,725.0,1533307345393,0.2
1394,A,BITF,BCHUSD,725.0,1533307348162,0.625
1395,A,BITF,BCHUSD,725.0,1533307348171,0.375
1396,A,BITF,BCHUSD,725.0,1533307352772,0.2
1397,A,GDAX,BCHUSD,725.24,1533307353073,0.019438900000000002
1398,A,GDAX,BCHUSD,725.24,1533307353073,0.0005611
1399,A,BITF,BCHUSD,725.0,1533307353085,1.46543433
1400,A,BITF,BCHUSD,725.0,1533307353085,0.02
1401,A,BITF,BCHUSD,725.0,1533307353085,3.0
1402,A,BITF,BCHUSD,725.0,1533307353109,5.0
1403,A,GDAX,BCHUSD,725.24,1533307353159,0.01805211
1404,A,GDAX,BCHUSD,725.24,1533307353159,0.00194789
1405,A,BITF,BCHUSD,725.0,1533307353592,0.2
1406,A,BITF,BCHUSD,725.37,1533307353615,0.515
1407,A,BITF,BCHUSD,725.37,1533307353636,0.03673
1408,A,BITF,BCHUSD,725.5,1533307353647,0.06327
1409,A,GDAX,BCHUSD,725.24,1533307371860,0.01804477
1410,A,GDAX,BCHUSD,725.24,1533307371860,0.04894879
1411,A,GDAX,BCHUSD,725.24,1533307371860,0.00300644
1412,A,BITF,BCHUSD,725.66,1533307379246,0.1516
1413,A,BITF,BCHUSD,725.66,1533307379246,1.080193
1414,A,BITF,BCHUSD,725.98,1533307390970,0.3
1415,A,GDAX,BCHUSD,725.24,1533307409341,0.00699356
1416,A,GDAX,BCHUSD,725.24,1533307409348,0.03143599
1417,A,BITF,BCHUSD,725.79,1533307424076,0.042
1418,A,GDAX,BCHUSD,725.26,1533307455236,0.01171928
1419,A,GDAX,BCHUSD,725.27,1533307455236,0.01171939
1420,A,GDAX,BCHUSD,725.27,1533307455236,0.042944699999999995
1421,A,GDAX,BCHUSD,725.27,1533307456113,0.0322544
1422,A,GDAX,BCHUSD,725.27,1533307460655,0.264611
1423,A,GDAX,BCHUSD,725.27,1533307460655,0.07333845
1424,A,BITF,BCHUSD,725.05,1533307473924,0.1
1425,A,BITF,BCHUSD,724.72,1533307476394,0.02
1426,A,BITF,BCHUSD,724.66,1533307481300,0.414
1427,A,BITF,BCHUSD,724.66,1533307481311,1.486
1428,A,BITF,BCHUSD,724.66,1533307481311,0.479
1429,A,BITF,BCHUSD,724.66,1533307481544,0.78
1430,A,BITF,BCHUSD,724.65,1533307482915,1.921
1431,A,BITF,BCHUSD,724.74,1533307488808,0.139
1432,A,BITF,BCHUSD,724.74,1533307489469,0.674
1433,A,BITF,BCHUSD,724.74,1533307489469,1.8869999999999998
1434,A,BITF,BCHUSD,724.74,1533307489469,2.0
1435,A,BITF,BCHUSD,724.74,1533307489469,1.141
1436,A,BITF,BCHUSD,724.64,1533307496956,0.02998875
1437,A,BITF,BCHUSD,724.8,1533307496956,0.68901125
1438,A,BITF,BCHUSD,724.8,1533307497975,0.03003875
1439,A,BITF,BCHUSD,724.8,1533307498012,0.21996125
1440,A,BITF,BCHUSD,724.61,1533307505451,0.33154419
1441,A,BITF,BCHUSD,724.61,1533307505507,0.33154419
1442,A,BITF,BCHUSD,724.61,1533307507338,0.33154419
1443,A,BITF,BCHUSD,724.61,1533307512891,0.062
1444,A,BITF,BCHUSD,724.61,1533307518358,0.33154419
1445,A,BITF,BCHUSD,724.61,1533307518389,0.08567639
1446,A,BITF,BCHUSD,724.61,1533307518570,0.17145663
1447,A,BITF,BCHUSD,724.61,1533307518578,0.08564337
1448,A,BITF,BCHUSD,724.61,1533307519324,6.763
1449,A,BITF,BCHUSD,724.61,1533307521449,3.237
1450,A,BITF,BCHUSD,724.61,1533307552487,6.44465336
1451,A,BITF,BCHUSD,724.61,1533307553253,1.05534
1452,A,GDAX,BCHUSD,725.27,1533307556307,0.06586669999999999
1453,A,BITF,BCHUSD,724.61,1533307557682,0.99463258
1454,A,GDAX,BCHUSD,725.27,1533307558303,0.03431215
1455,A,BITF,BCHUSD,724.61,1533307559556,0.33154419
1456,A,BITF,BCHUSD,724.61,1533307565628,3.0
1457,A,BITF,BCHUSD,724.61,1533307565754,0.33154419
1458,A,BITF,BCHUSD,724.61,1533307566341,4.16845581
1459,A,BITF,BCHUSD,724.61,1533307566341,0.55654419
1460,A,GDAX,BCHUSD,725.21,1533307569431,5.45
1461,A,GDAX,BCHUSD,725.21,1533307569433,3.0
1462,A,GDAX,BCHUSD,725.27,1533307569433,0.1662928
1463,A,GDAX,BCHUSD,725.27,1533307569435,0.0130963
1464,A,GDAX,BCHUSD,725.27,1533307569437,0.04481027
1465,A,GDAX,BCHUSD,725.27,1533307569438,10.0
1466,A,GDAX,BCHUSD,725.27,1533307569438,0.19
1467,A,GDAX,BCHUSD,725.28,1533307569446,0.018609599999999997
1468,A,GDAX,BCHUSD,725.29,1533307569446,0.01999092
1469,A,GDAX,BCHUSD,725.3,1533307569446,0.01723404
1470,A,GDAX,BCHUSD,725.3,1533307569446,0.014475100000000001
1471,A,GDAX,BCHUSD,725.3,1533307569446,0.33981009999999995
1472,A,GDAX,BCHUSD,725.3,1533307569446,0.33981009999999995
1473,A,GDAX,BCHUSD,725.31,1533307569446,0.01998974
1474,A,GDAX,BCHUSD,725.32,1533307569446,0.011716200000000001
1475,A,GDAX,BCHUSD,725.33,1533307569446,0.02688348
1476,A,GDAX,BCHUSD,725.34,1533307569446,0.01171489
1477,A,GDAX,BCHUSD,725.35,1533307569446,0.01171719
1478,A,GDAX,BCHUSD,725.36,1533307569446,0.01447208
1479,A,GDAX,BCHUSD,725.37,1533307569447,0.01171535
1480,A,GDAX,BCHUSD,725.39,1533307569447,0.01585103
1481,A,GDAX,BCHUSD,725.39,1533307569448,0.03323167
1482,A,GDAX,BCHUSD,725.39,1533307569448,0.5237
1483,A,GDAX,BCHUSD,725.4,1533307569450,0.01860639
1484,A,GDAX,BCHUSD,725.4,1533307569450,3.5
1485,A,GDAX,BCHUSD,725.41,1533307569450,0.0241239
1486,A,GDAX,BCHUSD,725.41,1533307569450,0.02274397
1487,A,GDAX,BCHUSD,725.41,1533307569451,0.0451818
1488,A,GDAX,BCHUSD,725.46,1533307569451,0.02136465
1489,A,GDAX,BCHUSD,725.47,1533307569452,0.0117146
1490,A,GDAX,BCHUSD,725.48,1533307569453,0.0227432
1491,A,GDAX,BCHUSD,725.49,1533307569453,2.31952591
1492,A,GDAX,BCHUSD,725.49,1533307569454,0.01171322
1493,A,GDAX,BCHUSD,725.49,1533307569454,0.01860754
1494,A,GDAX,BCHUSD,725.49,1533307569455,0.02549587
1495,A,GDAX,BCHUSD,725.83,1533307569456,7.09
1496,A,GDAX,BCHUSD,725.95,1533307569457,0.05
1497,A,GDAX,BCHUSD,725.96,1533307569457,0.01170622
1498,A,GDAX,BCHUSD,725.97,1533307569457,0.011706600000000001
1499,A,GDAX,BCHUSD,726.0,1533307569458,1.5
1500,A,GDAX,BCHUSD,726.0,1533307569459,16.04
1501,A,GDAX,BCHUSD,726.09,1533307569459,0.9
1502,A,GDAX,BCHUSD,726.17,1533307569461,4.947
1503,A,GDAX,BCHUSD,726.19,1533307569461,20.0
1504,A,GDAX,BCHUSD,726.35,1533307569461,8.508
1505,A,GDAX,BCHUSD,726.36,1533307569462,0.9
1506,A,GDAX,BCHUSD,726.38,1533307569462,2.98324783
1507,A,GDAX,BCHUSD,726.38,1533307569463,0.0875701
1508,A,GDAX,BCHUSD,726.19,1533307572430,1.7
1509,A,BITF,BCHUSD,724.61,1533307572605,0.96351981
1510,A,BITF,BCHUSD,724.61,1533307572605,0.73648019
1511,A,BITF,BCHUSD,724.61,1533307577147,0.05
1512,A,BITF,BCHUSD,724.61,1533307579605,0.69587844
1513,A,BITF,BCHUSD,724.61,1533307582442,0.05
1514,A,BITF,BCHUSD,724.61,1533307588550,0.05
1515,A,BITF,BCHUSD,724.61,1533307589363,0.99463258
1516,A,BITF,BCHUSD,724.61,1533307592912,0.05
1517,A,BITF,BCHUSD,724.61,1533307593408,0.99463258
1518,A,BITF,BCHUSD,724.61,1533307597486,0.99463258
1519,A,BITF,BCHUSD,724.61,1533307601336,0.33154419
1520,A,BITF,BCHUSD,724.61,1533307612607,0.1
1521,A,BITF,BCHUSD,724.61,1533307622422,0.2830866
1522,A,BITF,BCHUSD,724.61,1533307623359,0.08560916
1523,A,BITF,BCHUSD,724.61,1533307623359,0.17121832
1524,A,BITF,BCHUSD,724.61,1533307623359,0.99463258
1525,A,BITF,BCHUSD,724.61,1533307625331,0.42275856
1526,A,BITF,BCHUSD,724.8,1533307625552,0.33154419
1527,A,BITF,BCHUSD,724.8,1533307625945,0.05309576
1528,A,BITF,BCHUSD,725.04,1533307625945,0.02
1529,A,BITF,BCHUSD,725.3,1533307625945,0.02690424
1530,A,BITF,BCHUSD,725.05,1533307636037,0.02
1531,A,BITF,BCHUSD,725.35,1533307636037,0.03
1532,A,BITF,BCHUSD,725.26,1533307643809,0.02
1533,A,BITF,BCHUSD,725.26,1533307643809,0.49800528
1534,A,BITF,BCHUSD,725.26,1533307644371,2.7362
1535,A,BITF,BCHUSD,725.26,1533307644578,4.26579472
1536,A,BITF,BCHUSD,725.26,1533307644578,0.02
1537,A,BITF,BCHUSD,725.27,1533307650417,1.318
1538,A,BITF,BCHUSD,725.27,1533307650614,2.085
1539,A,BITF,BCHUSD,725.27,1533307650650,0.11120528
1540,A,BITF,BCHUSD,725.27,1533307651669,0.23579472
1541,A,BITF,BCHUSD,725.27,1533307651671,0.02
1542,A,BITF,BCHUSD,725.27,1533307651671,0.29111143
1543,A,GDAX,BCHUSD,725.85,1533307659887,0.011709
1544,A,GDAX,BCHUSD,725.85,1533307659889,0.01385118
1545,A,GDAX,BCHUSD,725.85,1533307659889,0.013850799999999998
1546,A,GDAX,BCHUSD,725.85,1533307659889,0.63572649
1547,A,GDAX,BCHUSD,725.86,1533307718776,0.01170658
1548,A,GDAX,BCHUSD,725.86,1533307718776,0.05410659
1549,A,BITF,BCHUSD,724.97,1533307730175,3.75
1550,A,BITF,BCHUSD,724.97,1533307730176,0.02
1551,A,BITF,BCHUSD,724.97,1533307730176,8.5
1552,A,GDAX,BCHUSD,725.86,1533307730361,0.0658
1553,A,BITF,BCHUSD,725.01,1533307742501,0.07093061
1554,A,GDAX,BCHUSD,725.86,1533307756537,0.13298344
1555,A,GDAX,BCHUSD,725.21,1533307802227,0.03
1556,A,BITF,BCHUSD,724.21,1533307815275,0.7070000000000001
1557,A,GDAX,BCHUSD,725.21,1533307839391,0.0372
1558,A,BITF,BCHUSD,724.54,1533307842405,0.5764600000000001
1559,A,BITF,BCHUSD,724.91,1533307842430,0.02
1560,A,GDAX,BCHUSD,725.21,1533307872466,0.9628
1561,A,GDAX,BCHUSD,725.21,1533307872467,1.52556484
1562,A,BITF,BCHUSD,724.98,1533307875623,3.75
1563,A,BITF,BCHUSD,724.98,1533307875623,2.0
1564,A,BITF,BCHUSD,724.98,1533307875623,0.02
1565,A,BITF,BCHUSD,724.98,1533307875623,0.6890000000000001
1566,A,GDAX,BCHUSD,725.21,1533307875782,0.02
1567,A,BITF,BCHUSD,725.08,1533307876025,2.7
1568,A,BITF,BCHUSD,725.08,1533307876025,0.134
1569,A,BITF,BCHUSD,724.98,1533307877365,0.9
1570,A,BITF,BCHUSD,724.98,1533307878395,2.85
1571,A,GDAX,BCHUSD,725.21,1533307919475,0.02539666
1572,A,GDAX,BCHUSD,725.21,1533307924337,0.42903850000000004
1573,A,GDAX,BCHUSD,725.21,1533307924338,0.06621691
1574,A,BITS,BCHUSD,725.98,1533308009414,0.54822446
1575,A,GDAX,BCHUSD,725.21,1533308016808,0.05215165
1576,A,GDAX,BCHUSD,725.21,1533308017250,44.88163144
1577,A,GDAX,BCHUSD,725.21,1533308017250,5.72
1578,A,GDAX,BCHUSD,725.21,1533308017250,1.8641599999999998
1579,A,GDAX,BCHUSD,725.21,1533308017250,3.0
1580,A,GDAX,BCHUSD,725.24,1533308017252,0.05214397
1581,A,GDAX,BCHUSD,725.24,1533308027718,0.28766613
1582,A,GDAX,BCHUSD,725.24,1533308027719,0.33981009999999995
1583,A,GDAX,BCHUSD,725.24,1533308027720,1.82725
1584,A,GDAX,BCHUSD,725.24,1533308027741,0.13887377
1585,A,GDAX,BCHUSD,725.24,1533308030959,2.83112623
1586,A,GDAX,BCHUSD,725.25,1533308030962,10.0
1587,A,GDAX,BCHUSD,725.26,1533308030962,2.0
1588,A,GDAX,BCHUSD,725.86,1533308030962,2.74710997
1589,A,GDAX,BCHUSD,725.86,1533308030963,1.278
1590,A,GDAX,BCHUSD,725.86,1533308030963,0.019973400000000002
1591,A,GDAX,BCHUSD,725.86,1533308030964,2.0
1592,A,GDAX,BCHUSD,725.87,1533308030965,0.02273084
1593,A,GDAX,BCHUSD,725.88,1533308030966,0.01308542
1594,A,GDAX,BCHUSD,725.88,1533308030966,10.277999999999999
1595,A,GDAX,BCHUSD,725.98,1533308030967,0.05
1596,A,GDAX,BCHUSD,725.99,1533308030968,0.01583677
1597,A,GDAX,BCHUSD,726.0,1533308030969,0.02547956
1598,A,GDAX,BCHUSD,726.0,1533308030970,0.52545046
1599,A,GDAX,BCHUSD,726.0,1533308038267,2.47454954
1600,A,GDAX,BCHUSD,726.0,1533308038269,15.20053814
1601,A,BITF,BCHUSD,725.02,1533308048047,4.1372
1602,A,BITF,BCHUSD,725.02,1533308048047,0.5
1603,A,BITF,BCHUSD,725.17,1533308048047,1.26374498
1604,A,BITF,BCHUSD,725.29,1533308048047,0.08621917
1605,A,BITF,BCHUSD,725.32,1533308048055,2.0
1606,A,BITF,BCHUSD,725.55,1533308048055,0.40731999999999996
1607,A,BITF,BCHUSD,725.7,1533308048055,1.4
1608,A,BITF,BCHUSD,725.8,1533308048055,12.0
1609,A,BITF,BCHUSD,725.8,1533308048074,11.0
1610,A,BITF,BCHUSD,725.89,1533308048074,0.158
1611,A,BITF,BCHUSD,725.9,1533308048118,7.52111585
1612,A,GDAX,BCHUSD,725.83,1533308050924,0.014465899999999999
1613,A,GDAX,BCHUSD,725.84,1533308050924,0.01721964
1614,A,GDAX,BCHUSD,726.0,1533308050933,1.37e-06
1615,A,GDAX,BCHUSD,726.0,1533308050933,2.37622
1616,A,GDAX,BCHUSD,726.0,1533308050933,10.0
1617,A,GDAX,BCHUSD,726.01,1533308050933,5.3e-07
1618,A,GDAX,BCHUSD,726.01,1533308051764,0.01308349
1619,A,GDAX,BCHUSD,726.02,1533308051765,0.01170421
1620,A,GDAX,BCHUSD,726.03,1533308051769,0.01859116
1621,A,GDAX,BCHUSD,726.04,1533308051769,0.01583869
1622,A,GDAX,BCHUSD,726.05,1533308051774,0.0241007
1623,A,GDAX,BCHUSD,726.06,1533308051774,0.02410071
1624,A,GDAX,BCHUSD,726.07,1533308051774,0.01445985
1625,A,GDAX,BCHUSD,726.08,1533308051774,0.0241008
1626,A,GDAX,BCHUSD,726.09,1533308051774,0.03236285
1627,A,GDAX,BCHUSD,726.1,1533308051774,0.0406256
1628,A,GDAX,BCHUSD,726.11,1533308051775,0.01170326
1629,A,GDAX,BCHUSD,726.12,1533308051775,0.03236039
1630,A,GDAX,BCHUSD,726.13,1533308051776,0.02272231
1631,A,GDAX,BCHUSD,726.14,1533308051777,0.05301892
1632,A,GDAX,BCHUSD,726.15,1533308051780,0.02134368
1633,A,GDAX,BCHUSD,726.16,1533308051780,0.01170137
1634,A,GDAX,BCHUSD,726.17,1533308051780,0.01858803
1635,A,GDAX,BCHUSD,726.18,1533308051781,0.01170292
1636,A,GDAX,BCHUSD,726.19,1533308051783,0.01583588
1637,A,GDAX,BCHUSD,726.21,1533308051783,0.01858908
1638,A,GDAX,BCHUSD,726.23,1533308051784,0.01
1639,A,GDAX,BCHUSD,726.28,1533308051785,0.49876714
1640,A,GDAX,BCHUSD,726.28,1533308057115,3.50123286
1641,A,GDAX,BCHUSD,726.28,1533308057115,93.0
1642,A,GDAX,BCHUSD,726.28,1533308057115,2.60226
1643,A,GDAX,BCHUSD,726.28,1533308057115,115.0
1644,A,GDAX,BCHUSD,726.28,1533308057115,2.0
1645,A,GDAX,BCHUSD,726.28,1533308057122,0.12413284
1646,A,GDAX,BCHUSD,726.28,1533308057122,1.49999498
1647,A,GDAX,BCHUSD,726.28,1533308070299,1.5
1648,A,GDAX,BCHUSD,726.28,1533308070299,0.01
1649,A,GDAX,BCHUSD,726.28,1533308070299,20.0
1650,A,GDAX,BCHUSD,726.28,1533308070299,0.01307822
1651,A,GDAX,BCHUSD,726.28,1533308070299,21.0
1652,A,GDAX,BCHUSD,726.28,1533308070305,0.0117
1653,A,GDAX,BCHUSD,726.28,1533308070305,2.0
1654,A,GDAX,BCHUSD,726.28,1533308070305,0.19359654
1655,A,GDAX,BCHUSD,726.28,1533308082286,0.01996404
1656,A,GDAX,BCHUSD,726.28,1533308082286,1.5
1657,A,GDAX,BCHUSD,726.28,1533308082286,0.02547077
1658,A,GDAX,BCHUSD,726.28,1533308082286,0.02547029
1659,A,GDAX,BCHUSD,726.28,1533308082286,0.01169961
1660,A,GDAX,BCHUSD,726.28,1533308082286,0.01307875
1661,A,GDAX,BCHUSD,726.28,1533308082286,0.01170336
1662,A,GDAX,BCHUSD,726.28,1533308082286,0.02684779
1663,A,GDAX,BCHUSD,726.29,1533308082286,9.582
1664,A,GDAX,BCHUSD,726.44,1533308082286,5.11545403
1665,A,GDAX,BCHUSD,725.31,1533308098865,0.3794
1666,A,BITS,BCHUSD,725.65,1533308138197,2.0
1667,A,GDAX,BCHUSD,725.22,1533308142016,0.01171714
1668,A,GDAX,BCHUSD,725.22,1533308142016,1.39376113
1669,A,GDAX,BCHUSD,725.28,1533308142016,0.02550403
1670,A,GDAX,BCHUSD,725.28,1533308142016,2.37352044
1671,A,GDAX,BCHUSD,725.28,1533308168772,0.28387733
1672,A,GDAX,BCHUSD,725.28,1533308168823,1.0
1673,A,GDAX,BCHUSD,725.28,1533308173247,0.0658658
1674,A,GDAX,BCHUSD,725.28,1533308193031,0.11252032
1675,A,GDAX,BCHUSD,725.28,1533308193489,0.8883
1676,A,GDAX,BCHUSD,725.28,1533308197889,0.01236098
1677,A,GDAX,BCHUSD,725.28,1533308205474,0.1125
1678,A,GDAX,BCHUSD,725.28,1533308221231,0.01236098
1679,A,BITS,BCHUSD,725.97,1533308231003,1.32891166
1680,A,GDAX,BCHUSD,725.28,1533308240541,0.33794462
1681,A,GDAX,BCHUSD,725.28,1533308243189,0.13308979
1682,A,GDAX,BCHUSD,725.28,1533308245081,4.66765974
1683,A,GDAX,BCHUSD,725.28,1533308245085,0.02136936
1684,A,GDAX,BCHUSD,725.28,1533308245085,6.0
1685,A,GDAX,BCHUSD,725.28,1533308245085,0.46252066
1686,A,GDAX,BCHUSD,725.28,1533308250739,0.1039
1687,A,GDAX,BCHUSD,725.28,1533308256554,0.05214661
1688,A,GDAX,BCHUSD,725.28,1533308259806,0.01236098
1689,A,GDAX,BCHUSD,725.28,1533308260279,0.0658658
1690,A,BITF,BCHUSD,724.74,1533308295923,0.1
1691,A,GDAX,BCHUSD,725.28,1533308300526,0.20580146
1692,A,BITF,BCHUSD,724.73,1533308342568,0.09018435
1693,A,BITF,BCHUSD,724.74,1533308345087,2.9
1694,A,BITF,BCHUSD,724.74,1533308345087,1.0
1695,A,BITF,BCHUSD,724.87,1533308345087,0.47335
1696,A,BITF,BCHUSD,725.0,1533308345087,0.82665
1697,A,GDAX,BCHUSD,725.28,1533308346069,0.195
1698,A,BITF,BCHUSD,724.56,1533308495242,0.64614822
1699,A,BITF,BCHUSD,724.86,1533308495242,0.13431032
1700,A,BITF,BCHUSD,724.86,1533308495427,0.22291582
1701,A,BITF,BCHUSD,724.95,1533308495427,0.97896564
1702,A,GDAX,BCHUSD,725.01,1533308511832,0.13751658
1703,A,BITF,BCHUSD,724.42,1533308536175,0.03717058
1704,A,BITF,BCHUSD,724.42,1533308537980,0.03717058
1705,A,GDAX,BCHUSD,725.01,1533308539048,0.05216603
1706,A,GDAX,BCHUSD,725.01,1533308621651,1.37516582
1707,A,BITF,BCHUSD,724.43,1533308640704,1.3
1708,A,GDAX,BCHUSD,725.01,1533308668829,0.06589032
1709,A,BITF,BCHUSD,724.39,1533308692274,1.94037112
1710,A,BITF,BCHUSD,724.39,1533308693655,0.75962888
1711,A,BITF,BCHUSD,724.39,1533308693655,2.0
1712,A,BITF,BCHUSD,724.4,1533308693655,2.64037112
1713,A,GDAX,BCHUSD,725.01,1533308695240,1.0
1714,A,GDAX,BCHUSD,725.01,1533308710609,0.06589032
1715,A,BITF,BCHUSD,723.39,1533308753715,0.05
1716,A,GDAX,BCHUSD,724.42,1533308756203,0.13868703
1717,A,BITF,BCHUSD,722.97,1533308833721,0.02
1718,A,BITF,BCHUSD,722.99,1533308833721,0.03
1719,A,GDAX,BCHUSD,724.01,1533308848996,0.67707484
1720,A,GDAX,BCHUSD,724.01,1533308851238,0.0978
1721,A,BITS,BCHUSD,723.98,1533308855867,0.13778004
1722,A,BITF,BCHUSD,722.53,1533308861616,2.0
1723,A,BITF,BCHUSD,722.53,1533308861616,3.5
1724,A,BITF,BCHUSD,722.63,1533308861616,2.0
1725,A,BITF,BCHUSD,722.76,1533308861616,0.44737133
1726,A,BITF,BCHUSD,722.77,1533308861627,2.05262867
1727,A,GDAX,BCHUSD,724.01,1533308866621,0.07835026
1728,A,GDAX,BCHUSD,724.01,1533308885284,0.03437186
1729,A,GDAX,BCHUSD,722.25,1533308921457,1.0
1730,A,GDAX,BCHUSD,722.25,1533308931805,1.0
1731,A,BITF,BCHUSD,721.34,1533308939414,0.07046911
1732,A,BITF,BCHUSD,721.34,1533308941036,0.07046911
1733,A,BITF,BCHUSD,721.34,1533308941922,0.06905973
1734,A,BITF,BCHUSD,721.34,1533308946284,3.35
1735,A,BITF,BCHUSD,721.34,1533308946284,1.65
1736,A,BITF,BCHUSD,721.34,1533308951279,1.4069999999999998
1737,A,BITF,BCHUSD,721.34,1533308951279,2.7
1738,A,BITF,BCHUSD,721.34,1533308951279,0.893
1739,A,BITS,BCHUSD,722.06,1533308956262,0.09764163
1740,A,GDAX,BCHUSD,722.25,1533308975290,0.01241284
1741,A,GDAX,BCHUSD,722.25,1533308983085,0.11189303
1742,A,GDAX,BCHUSD,722.25,1533308983085,0.22746935
1743,A,GDAX,BCHUSD,722.25,1533308987938,0.61084677
1744,A,BITS,BCHUSD,722.06,1533308993865,0.01399071
1745,A,GDAX,BCHUSD,722.25,1533309001796,0.5504
1746,A,GDAX,BCHUSD,722.25,1533309005826,0.11128388
1747,A,GDAX,BCHUSD,722.25,1533309005826,0.15368411
1748,A,GDAX,BCHUSD,722.11,1533309036536,0.4506
1749,A,BITS,BCHUSD,722.01,1533309040502,0.01578013
1750,A,BITF,BCHUSD,721.18,1533309055144,2.0
1751,A,BITF,BCHUSD,721.18,1533309055144,0.27531
1752,A,BITF,BCHUSD,721.18,1533309055144,0.32808735
1753,A,BITF,BCHUSD,721.18,1533309055144,1.16201587
1754,A,BITF,BCHUSD,721.18,1533309055450,1.23458678
1755,A,GDAX,BCHUSD,721.36,1533309072237,0.0926
1756,A,BITF,BCHUSD,721.19,1533309088702,1.2111
1757,A,BITF,BCHUSD,721.19,1533309088702,2.417e-05
1758,A,BITF,BCHUSD,721.24,1533309088703,0.75287583
1759,A,BITF,BCHUSD,721.24,1533309098771,0.00010771
1760,A,BITF,BCHUSD,721.34,1533309098771,1.66269229
1761,A,BITF,BCHUSD,721.34,1533309098865,0.00016571
1762,A,BITF,BCHUSD,721.43,1533309098969,0.65469
1763,A,BITF,BCHUSD,721.6,1533309099061,0.3374
1764,A,BITF,BCHUSD,721.3,1533309127749,1.0
1765,A,GDAX,BCHUSD,721.8,1533309135929,0.020842
1766,A,GDAX,BCHUSD,721.8,1533309135929,0.0177707
1767,A,GDAX,BCHUSD,721.8,1533309141693,2.0
1768,A,BITF,BCHUSD,720.87,1533309215654,1.0
1769,A,GDAX,BCHUSD,721.8,1533309224300,1.08664216
1770,A,GDAX,BCHUSD,721.01,1533309229104,0.0324093
1771,A,GDAX,BCHUSD,721.56,1533309279910,2.05730874
1772,A,BITF,BCHUSD,720.58,1533309301280,0.0251
1773,A,GDAX,BCHUSD,721.26,1533309311006,0.0662329
1774,A,BITF,BCHUSD,720.4,1533309317254,1.4
1775,A,BITF,BCHUSD,720.48,1533309317463,0.08480254
1776,A,BITF,BCHUSD,720.48,1533309317463,0.21496946
1777,A,BITF,BCHUSD,720.48,1533309317463,0.107228
1778,A,GDAX,BCHUSD,721.26,1533309321586,0.02148671
1779,A,GDAX,BCHUSD,721.26,1533309321588,0.01178119
1780,A,GDAX,BCHUSD,721.26,1533309321589,0.01455414
1781,A,GDAX,BCHUSD,721.27,1533309321590,0.01871378
1782,A,GDAX,BCHUSD,721.28,1533309321591,0.01316972
1783,A,GDAX,BCHUSD,721.29,1533309321594,0.20982372
1784,A,GDAX,BCHUSD,721.29,1533309328085,0.20280407
1785,A,GDAX,BCHUSD,721.29,1533309354573,0.01178151
1786,A,GDAX,BCHUSD,721.29,1533309354574,0.01732699
1787,A,GDAX,BCHUSD,721.29,1533309354576,0.02564535
1788,A,GDAX,BCHUSD,721.29,1533309354588,0.02287404
1789,A,GDAX,BCHUSD,721.29,1533309354588,0.0117815
1790,A,GDAX,BCHUSD,721.29,1533309354589,0.01317078
1791,A,GDAX,BCHUSD,721.29,1533309354589,0.01317081
1792,A,GDAX,BCHUSD,721.29,1533309354590,0.05256079
1793,A,BITF,BCHUSD,720.48,1533309357681,9.128e-05
1794,A,BITF,BCHUSD,720.6,1533309357681,0.04990872
1795,A,GDAX,BCHUSD,721.29,1533309369807,0.00159591
1796,A,GDAX,BCHUSD,721.29,1533309369807,0.02009895
1797,A,GDAX,BCHUSD,721.29,1533309369807,0.97830514
1798,A,GDAX,BCHUSD,721.29,1533309388487,0.028307099999999998
1799,A,BITF,BCHUSD,720.6,1533309392204,0.125
1800,A,BITF,BCHUSD,720.6,1533309392204,0.125
1801,A,BITF,BCHUSD,720.6,1533309392288,0.125
1802,A,BITF,BCHUSD,720.6,1533309392488,0.6001
1803,A,BITF,BCHUSD,720.6,1533309393688,0.374
1804,A,BITF,BCHUSD,720.87,1533309411725,0.05
1805,A,GDAX,BCHUSD,721.29,1533309416963,0.01178262
1806,A,GDAX,BCHUSD,721.29,1533309416967,0.5850099
1807,A,BITF,BCHUSD,720.52,1533309452416,0.05
1808,A,GDAX,BCHUSD,721.01,1533309458690,0.01242936
1809,A,GDAX,BCHUSD,721.01,1533309467827,0.0282937
1810,A,BITS,BCHUSD,721.36,1533309471019,0.01053968
1811,A,GDAX,BCHUSD,721.01,1533309477155,0.23738121
1812,A,BITS,BCHUSD,721.21,1533309496383,0.01157969
1813,A,BITS,BCHUSD,721.21,1533309513672,0.01386559
1814,A,GDAX,BCHUSD,721.01,1533309521618,0.33994602
1815,A,GDAX,BCHUSD,721.01,1533309534335,0.19243321
1816,A,GDAX,BCHUSD,720.48,1533309576999,0.08
1817,A,GDAX,BCHUSD,721.01,1533309579095,0.01178629
1818,A,GDAX,BCHUSD,721.01,1533309579095,0.00133792
1819,A,GDAX,BCHUSD,721.01,1533309580362,0.09866208
1820,A,GDAX,BCHUSD,721.01,1533309580362,1.26112199
1821,A,BITF,BCHUSD,720.48,1533309588025,0.5
1822,A,BITF,BCHUSD,720.48,1533309588046,2.0
1823,A,BITF,BCHUSD,720.48,1533309588046,1.40704619
1824,A,BITF,BCHUSD,720.48,1533309588048,1.2751
1825,A,BITF,BCHUSD,720.5,1533309588057,28.169
1826,A,BITF,BCHUSD,720.6,1533309588057,1.4
1827,A,BITF,BCHUSD,720.6,1533309588057,6.9431
1828,A,BITF,BCHUSD,720.73,1533309588057,8.5
1829,A,BITF,BCHUSD,720.77,1533309588069,0.2
1830,A,BITF,BCHUSD,720.78,1533309588070,12.45870572
1831,A,GDAX,BCHUSD,721.0,1533309597853,0.01178903
1832,A,GDAX,BCHUSD,721.14,1533309597853,0.01178649
1833,A,GDAX,BCHUSD,721.15,1533309597853,0.042670099999999996
1834,A,GDAX,BCHUSD,721.12,1533309620817,0.0255407
1835,A,GDAX,BCHUSD,721.12,1533309626537,0.00150017
1836,A,GDAX,BCHUSD,721.13,1533309626538,0.02287809
1837,A,GDAX,BCHUSD,721.27,1533309626538,0.23132174
1838,A,GDAX,BCHUSD,721.09,1533309632800,1.0
1839,A,GDAX,BCHUSD,721.25,1533309657000,0.06623382
1840,A,GDAX,BCHUSD,721.25,1533309686337,1.12765807
1841,A,GDAX,BCHUSD,721.25,1533309686578,0.5437354
1842,A,BITF,BCHUSD,720.71,1533309722743,0.18963
1843,A,BITF,BCHUSD,720.71,1533309722743,0.00434265
1844,A,GDAX,BCHUSD,721.27,1533309762076,0.01178409
1845,A,GDAX,BCHUSD,721.29,1533309762081,0.01871578
1846,A,GDAX,BCHUSD,721.3,1533309762081,0.14554362
1847,A,GDAX,BCHUSD,721.3,1533309762081,0.01178035
1848,A,GDAX,BCHUSD,721.46,1533309762081,0.0117816
1849,A,GDAX,BCHUSD,721.47,1533309762081,0.0242524
1850,A,GDAX,BCHUSD,721.47,1533309762081,0.02614216
1851,A,GDAX,BCHUSD,721.42,1533309804580,0.01178093
1852,A,GDAX,BCHUSD,721.42,1533309804580,0.05
1853,A,GDAX,BCHUSD,721.43,1533309804580,0.01177986
1854,A,GDAX,BCHUSD,721.44,1533309804580,0.01593998
1855,A,GDAX,BCHUSD,721.45,1533309804583,0.0117792
1856,A,GDAX,BCHUSD,721.46,1533309804586,0.02009605
1857,A,GDAX,BCHUSD,721.47,1533309804586,0.55813903
1858,A,BITF,BCHUSD,720.85,1533309815586,0.08508457
1859,A,BITF,BCHUSD,720.85,1533309830514,1.2552249
1860,A,BITF,BCHUSD,720.98,1533309830514,0.94534017
1861,A,BITF,BCHUSD,721.0,1533309839567,0.02
1862,A,GDAX,BCHUSD,721.47,1533309842516,1.0736
1863,A,GDAX,BCHUSD,721.25,1533309865289,0.07865008
1864,A,GDAX,BCHUSD,721.25,1533309881774,1.0
1865,A,GDAX,BCHUSD,721.25,1533309894700,0.40780500000000003
1866,A,GDAX,BCHUSD,721.25,1533309897481,0.33166576
1867,A,BITF,BCHUSD,720.7,1533309912014,0.04
1868,A,BITF,BCHUSD,720.79,1533309912014,0.08554795
1869,A,BITF,BCHUSD,720.8,1533309912030,1.4
1870,A,BITF,BCHUSD,720.85,1533309912030,3.72967851
1871,A,BITF,BCHUSD,720.98,1533309912030,4.25
1872,A,BITF,BCHUSD,721.18,1533309912030,0.47576
1873,A,BITF,BCHUSD,721.18,1533309912030,1.2488
1874,A,BITF,BCHUSD,721.3,1533309912031,5.5
1875,A,BITF,BCHUSD,721.3,1533309912040,19.27021354
1876,A,GDAX,BCHUSD,721.25,1533309916727,0.04967882
1877,A,GDAX,BCHUSD,721.25,1533309934030,0.0255361
1878,A,GDAX,BCHUSD,721.25,1533309970160,0.05
1879,A,GDAX,BCHUSD,721.25,1533309970160,0.0964
1880,A,GDAX,BCHUSD,721.25,1533309973075,1.0
1881,A,GDAX,BCHUSD,721.04,1533309985293,0.03243402
1882,A,GDAX,BCHUSD,720.9,1533310007295,0.13383158
1883,A,BITF,BCHUSD,720.86,1533310019992,0.37195
1884,A,BITF,BCHUSD,720.87,1533310019992,1.34471646
1885,A,BITF,BCHUSD,720.99,1533310019992,0.22457706
1886,A,BITF,BCHUSD,721.0,1533310020002,10.0
1887,A,BITF,BCHUSD,721.0,1533310020002,0.5391
1888,A,BITF,BCHUSD,721.18,1533310020002,1.190105
1889,A,BITF,BCHUSD,721.2,1533310020028,1.32955147
1890,A,GDAX,BCHUSD,721.09,1533310023660,0.05
1891,A,GDAX,BCHUSD,721.26,1533310023660,0.16408948
1892,A,GDAX,BCHUSD,721.47,1533310023664,0.02425246
1893,A,GDAX,BCHUSD,721.48,1533310023664,0.01593575
1894,A,GDAX,BCHUSD,721.49,1533310023664,0.02702338
1895,A,GDAX,BCHUSD,721.49,1533310023664,0.06657014
1896,A,BITF,BCHUSD,721.4,1533310024625,0.03257998
1897,A,GDAX,BCHUSD,721.28,1533310032038,0.10349368
1898,A,GDAX,BCHUSD,721.21,1533310041566,0.01178571
1899,A,GDAX,BCHUSD,721.21,1533310041566,0.05
1900,A,GDAX,BCHUSD,721.47,1533310041567,0.025642
1901,A,GDAX,BCHUSD,721.48,1533310041567,0.02148254
1902,A,GDAX,BCHUSD,721.49,1533310041567,0.14108975
1903,A,GDAX,BCHUSD,721.49,1533310059472,0.06621179
1904,A,BITF,BCHUSD,721.36,1533310081495,1.20434794
1905,A,GDAX,BCHUSD,721.49,1533310137033,0.06621179
1906,A,BITF,BCHUSD,721.49,1533310170338,0.1
1907,A,BITS,BCHUSD,720.99,1533310203689,0.02704475
1908,A,BITS,BCHUSD,720.99,1533310203840,0.04645976
1909,A,BITS,BCHUSD,720.99,1533310203919,0.00901202
1910,A,BITS,BCHUSD,720.99,1533310204051,0.01594912
1911,A,BITS,BCHUSD,720.99,1533310204140,0.01594872
1912,A,GDAX,BCHUSD,721.49,1533310205562,0.051
1913,A,BITF,BCHUSD,721.48,1533310213052,0.06915943
1914,A,BITF,BCHUSD,721.48,1533310213541,0.06915943
1915,A,BITF,BCHUSD,721.48,1533310214694,0.06915943
1916,A,BITF,BCHUSD,721.48,1533310215530,0.06915943
1917,A,GDAX,BCHUSD,721.49,1533310223925,1.00000352
1918,A,GDAX,BCHUSD,721.49,1533310242046,1.0
1919,A,GDAX,BCHUSD,721.49,1533310255262,0.99725055
1920,A,BITF,BCHUSD,721.48,1533310265326,0.63752138
1921,A,GDAX,BCHUSD,721.49,1533310265923,0.19892499
1922,A,GDAX,BCHUSD,721.49,1533310275016,0.13261666
1923,A,GDAX,BCHUSD,721.49,1533310288940,0.01242592
1924,A,GDAX,BCHUSD,721.49,1533310299176,2.57465417
1925,A,BITF,BCHUSD,721.49,1533310310573,0.821544
1926,A,BITF,BCHUSD,721.67,1533310317775,1.33177673
1927,A,BITF,BCHUSD,722.0,1533310317779,0.91298307
1928,A,GDAX,BCHUSD,721.49,1533310319855,0.53668082
1929,A,GDAX,BCHUSD,721.49,1533310319857,0.02148276
1930,A,GDAX,BCHUSD,721.5,1533310319858,0.01178031
1931,A,GDAX,BCHUSD,721.51,1533310319859,0.02286864
1932,A,GDAX,BCHUSD,721.52,1533310319860,0.01870817
1933,A,GDAX,BCHUSD,721.53,1533310319860,0.01455197
1934,A,GDAX,BCHUSD,721.54,1533310319862,0.0173227
1935,A,GDAX,BCHUSD,721.55,1533310319862,0.01316248
1936,A,GDAX,BCHUSD,721.56,1533310319863,0.02425031
1937,A,GDAX,BCHUSD,721.57,1533310319863,0.01177908
1938,A,GDAX,BCHUSD,721.58,1533310319864,0.011776700000000001
1939,A,GDAX,BCHUSD,721.59,1533310319867,0.0159339
1940,A,GDAX,BCHUSD,721.6,1533310319867,0.01454885
1941,A,GDAX,BCHUSD,721.61,1533310319867,0.01177895
1942,A,GDAX,BCHUSD,721.62,1533310319867,0.02702049
1943,A,GDAX,BCHUSD,721.63,1533310319868,0.01870762
1944,A,GDAX,BCHUSD,721.64,1533310319869,0.02424803
1945,A,GDAX,BCHUSD,721.65,1533310319869,0.0117778
1946,A,GDAX,BCHUSD,721.66,1533310319870,0.011778
1947,A,GDAX,BCHUSD,721.73,1533310319870,0.01177595
1948,A,GDAX,BCHUSD,721.74,1533310319871,0.01177536
1949,A,GDAX,BCHUSD,721.75,1533310319877,0.02008667
1950,A,GDAX,BCHUSD,721.76,1533310319877,0.01454577
1951,A,GDAX,BCHUSD,721.77,1533310319877,0.01315919
1952,A,GDAX,BCHUSD,721.78,1533310319877,0.02701259
1953,A,GDAX,BCHUSD,721.79,1533310319878,0.02562739
1954,A,GDAX,BCHUSD,721.8,1533310319878,0.6932425999999999
1955,A,GDAX,BCHUSD,721.8,1533310367453,0.55418392
1956,A,GDAX,BCHUSD,721.8,1533310393385,0.64816062
1957,A,GDAX,BCHUSD,721.8,1533310393386,2.06843099
1958,A,GDAX,BCHUSD,721.8,1533310394494,0.0083178
1959,A,GDAX,BCHUSD,721.8,1533310394495,0.02147142
1960,A,GDAX,BCHUSD,721.8,1533310394495,0.01592824
1961,A,GDAX,BCHUSD,721.8,1533310394496,0.02008678
1962,A,GDAX,BCHUSD,721.8,1533310394546,0.01870286
1963,A,GDAX,BCHUSD,721.8,1533310394547,0.02701549
1964,A,GDAX,BCHUSD,721.8,1533310394547,0.01593175
1965,A,GDAX,BCHUSD,721.8,1533310394549,2.7660994999999997
1966,A,GDAX,BCHUSD,721.8,1533310429568,0.01104205
1967,A,GDAX,BCHUSD,721.8,1533310433162,0.01874397
1968,A,GDAX,BCHUSD,721.8,1533310433162,0.02562803
1969,A,GDAX,BCHUSD,721.8,1533310433162,0.02181135
1970,A,BITS,BCHUSD,721.97,1533310437755,2.0
1971,A,BITS,BCHUSD,721.99,1533310437780,0.02562195
1972,A,BITS,BCHUSD,721.99,1533310437858,0.009002799999999998
1973,A,BITS,BCHUSD,721.99,1533310437943,0.01592474
1974,A,BITS,BCHUSD,721.99,1533310438017,0.02561975
1975,A,BITS,BCHUSD,721.99,1533310438091,0.02700621
1976,A,BITS,BCHUSD,721.99,1533310438162,0.02008015
1977,A,BITS,BCHUSD,721.99,1533310438238,0.02008016
1978,A,BITS,BCHUSD,721.99,1533310438318,0.00900183
1979,A,BITS,BCHUSD,722.81,1533310438394,3.108
1980,A,BITS,BCHUSD,722.82,1533310438481,4.228
1981,A,BITS,BCHUSD,722.95,1533310438568,4.415
1982,A,BITS,BCHUSD,722.99,1533310438644,0.022819299999999997
1983,A,BITS,BCHUSD,722.99,1533310438720,0.02281919
1984,A,BITS,BCHUSD,723.01,1533310438794,0.207
1985,A,BITS,BCHUSD,723.07,1533310438873,0.225
1986,A,BITS,BCHUSD,723.28,1533310438962,3.0780000000000003
1987,A,BITS,BCHUSD,723.48,1533310439039,6.587999999999999
1988,A,BITS,BCHUSD,723.55,1533310439133,0.95302392
1989,A,GDAX,BCHUSD,721.8,1533310447143,0.00104784
1990,A,GDAX,BCHUSD,721.8,1533310447143,0.01731685
1991,A,GDAX,BCHUSD,721.8,1533310447143,0.01592988
1992,A,GDAX,BCHUSD,721.8,1533310447143,0.01315896
1993,A,GDAX,BCHUSD,721.8,1533310447143,0.2339005
